2550 4492
411 188 567 284 narro
607 236 790 284 orrars
1016 204 1019 209 ’
1090 246 1186 313 '⁰²¹¹‘

73 449 121 494 ns.
167 422 357 491 Brevitatis
382 436 489 492 tanen
513 443 612 489 causa
634 428 778 492 auctoris
801 425 948 510 ejusdem
969 449 1081 515 opera,
1105 450 1161 496 va·
1214 424 1217 433 '

73 553 96 599 o
126 548 220 617 scopo
256 525 359 593 simul
384 528 614 606 inservientia,
646 548 668 594 a
693 549 731 594 se
755 530 896 594 invicem
920 551 1073 617 separare
1099 538 1160 599 vix

73 631 144 719 plui.
182 631 267 701 ¹Sic
312 632 473 695 itinera
508 629 756 711 Linnaeana,
792 629 1026 700 habitationem
1060 656 1159 724 saepe

89 745 93 753 '
122 736 146 798 's
178 753 278 822 qnam
309 734 416 827 ipsane
446 732 590 825 plantam
612 732 827 812 illustrantia,
860 737 946 801 inter
969 737 1095 824 reliqua
1124 760 1159 802 o-

147 838 342 902 Linnaeana
369 848 476 899 tamen
501 837 616 914 citavi,
649 837 756 901 etsie
782 839 818 900 in
845 841 979 918 ceteris,
1015 841 1062 904 ita
1086 842 1158 905 scil.

117 941 219 1009 centis
249 936 385 1025 paribus
412 959 476 1024 qno
501 940 605 1023 magis
634 941 859 1023 systematicae
884 943 1056 1006 citationes
1084 966 1159 1008 cen-

118 1056 160 1105 tur
189 1063 230 1129 eo
263 1039 361 1104 altius
375 1062 501 1105 uersus
528 1040 743 1108 differentiam
770 1036 972 1137 specificam,
1003 1065 1068 1132 quo
1090 1067 1158 1110 ma·

134 1166 207 1231 pure
233 1140 360 1207 locales
394 1165 435 1207 eo
463 1142 600 1220 inferius
628 1163 744 1209 versus
771 1128 903 1222 habitae
908 1167 1004 1210 onem
1029 1152 1157 1233 positae

131 1248 254 1310 riantur.
306 1240 360 1308 Ne
387 1244 441 1311 hic
468 1245 550 1311 ordo
578 1244 761 1312 turbaretur
786 1260 819 1312 et
845 1247 885 1312 de
910 1259 1019 1313 cetero
1045 1263 1082 1313 ut
1106 1250 1157 1314 ul·

73 1347 152 1433 prius
172 1348 245 1413 loco
270 1361 475 1435 parceretur,
506 1349 639 1414 nomina
664 1348 795 1415 diversa
820 1364 987 1416 auctorum
1013 1373 1171 1438 quorun·v

73 1446 125 1527 ht
149 1450 182 1515 in
210 1450 399 1536 parenthesi
426 1453 617 1539 postposui,
652 1453 718 1516 nisi
749 1473 868 1517 nomen
899 1467 964 1519 tarn
988 1452 1156 1518 illustrans

73 1560 100 1615 st
117 1554 234 1641 insigne
261 1566 368 1630 esset,
400 1569 437 1618 ut
463 1546 629 1641 propriam
652 1552 774 1619 lineam
799 1557 1030 1642 mereretnri).
1083 1554 1156 1621 Has

73 1652 212 1722 uniones
236 1659 284 1721 sic
309 1655 412 1721 dictas
434 1656 671 1744 geographicas
692 1659 789 1722 etiam
802 1659 899 1722 modo
908 1663 979 1743 jam
993 1659 1154 1744 descripto

73 1754 195 1845 thorn,
227 1781 270 1823 ne
300 1756 376 1823 dein
407 1763 443 1824 in
470 1758 724 1824 habitationibus
758 1781 841 1851 opus
874 1762 963 1827 esset
986 1775 1051 1825 tarn
1073 1762 1155 1825 rnul-

73 1882 112 1926 nn
135 1864 240 1950 spatii'
257 1880 451 1927 consumere
477 1861 680 1927 nominatibi
706 1860 899 1948 adponeudo
928 1866 1154 1942 inventorum,

73 1974 176 2030 iorum
196 1978 332 2051 reperta
355 1966 491 2053 visaque
521 1977 664 2030 ceterum
692 1965 921 2030 in'itineribus
944 1967 1026 2031 meis
1054 1988 1153 2053 saepe

73 2066 238 2133 infirmavi.
278 2066 318 2131 In
343 2085 465 2153 genere
489 2066 659 2132 citationes
685 2080 820 2147 tantum,
848 2082 930 2155 quae
955 2091 1025 2133 rem
1048 2070 1153 2155 ipsam
1237 2119 1239 2122 -

73 2169 214 2250 lustrant,
237 2170 418 2255 adjungere
442 2172 546 2255 potui,
574 2187 679 2257 neque
707 2168 811 2235 solius
833 2166 969 2235 honoris
992 2164 1046 2234 vel
1068 2175 1153 2258 grati
1240 2166 1245 2172 ’

73 2266 139 2339 nini
151 2271 294 2339 testandi
309 2293 408 2337 causa
423 2272 565 2336 chartam
577 2272 714 2358 perdere
727 2271 829 2337 volui.
868 2270 1041 2349 Ceterum,
1067 2276 1152 2337 utin

73 2376 209 2462 ropatnlo
233 2387 304 2452 est,
340 2375 546 2461 experientia
573 2373 707 2461 propria
738 2374 773 2439 in
795 2371 871 2439 loeo
895 2376 1071 2461 acquisita,
1101 2389 1155 2439 nt·.
1193 2364 1195 2369 ⁵

73 2493 119 2543 ote
145 2477 343 2566 locupletior
380 2491 413 2541 et
444 2478 543 2564 genio
574 2479 676 2542 totins
709 2477 819 2563 operis
850 2474 954 2562 magis
982 2478 1151 2563 adaptata,

73 2579 127 2645 nihi
145 2584 362 2669 praestantior
385 2582 462 2655 fuit3
497 2578 574 2644 dein
601 2581 808 2675 experientia
834 2579 997 2644 subnixus
1019 2600 1092 2647 sunt
1117 2602 1152 2647 a·

131 2812 300 2883 speciahnima
330 2811 351 2864 S
358 2809 474 2864 caniac
511 2800 652 2876 desiderati
683 2806 782 2863 evolvat
812 2799 908 2862 Lirin,
935 2797 967 2860 di.
992 2817 1077 2860 acan.
1111 2829 1149 2847 ···’

129 2897 214 2969 (Gotl.
231 2902 266 2970 -)
291 2912 341 2954 etc.
389 2902 445 2951 Hoc
469 2900 549 2950 modo
571 2901 615 2950 illa
642 2915 784 2967 synonyma
811 2909 863 2950 tam
881 2894 952 2947 utilia
972 2892 1148 2964 reperiuntur,

127 3005 150 3042 nt
168 3008 220 3042 sno.
236 2995 297 3042 loeo
318 2984 463 3040 essentialia
478 2987 583 3038 omnino
606 2982 752 3039 habeantur.

95 3081 116 3165 *l
140 3092 176 3145 Ita
198 3106 290 3144 omnes
312 3106 394 3143 mnas.
412 3088 516 3157 gerent,
544 3101 573 3141 ut
593 3084 673 3138 ιὶιιιιιι
701 3084 760 3138 loun
790 3081 936 3154 parceretur,
959 3094 1039 3139 atres
1062 3091 1149 3138 nmen

124 3180 249 3231 evidenter
269 3192 470 3248 proponeretur,
501 3173 605 3227 nrtllun
625 3169 691 3226 mihi
711 3168 834 3244 superfuit
852 3176 962 3244 spatium
985 3171 1018 3224 ad
1037 3191 1066 3222 ea
1083 3190 1148 3240 ope-

124 3281 149 3318 ra
172 3269 308 3319 vernacula
337 3261 476 3341 gpneratim
507 3259 618 3325 citanda,
649 3257 728 3334 qnae,
757 3273 912 3329 quamquam
928 3260 1003 3314 salde
1022 3255 1094 3310 utilia
1115 3252 1167 3309 ad¹

124 3354 252 3406 scientiam
280 3352 364 3419 magis
390 3348 541 3420 popularem
566 3344 736 3412 reddendam,
766 3356 853 3400 tamen
877 3362 937 3400 meo
963 3360 1042 3415 scopo
1063 3342 1147 3397 nanus

127 3441 270 3504 necessaria,
293 3441 380 3491 forsan
401 3438 477 3492 etiam
497 3432 572 3502 genio
591 3434 660 3488 dian
680 3433 837 3504 aliquantum
853 3431 1018 3504 repugnantia
1031 3431 1146 3484 inererat:

126 3528 215 3594 loquor
235 3544 313 3597 opera
332 3519 550 3590 Hotfbergii‚
573 3518 787 3590 Liljebladii
810 3535 871 3586 ert„
893 3530 957 3589 qna'e
980 3518 1147 3573 cetetntnvix

126 3614 170 3666 nisi
198 3616 306 3667 nomina
328 3629 401 3666 antea
429 3610 501 3663 citata
522 3623 546 3660 ct
565 3607 620 3664 loca
642 3607 801 3664 habitationis
823 3610 966 3677 generalia,
989 3626 1068 3674 eaque
1090 3622 1146 3656 stc-

125 3705 177 3771 pino
194 3707 236 3755 vel
254 3702 335 3754 nianis
364 3718 424 3766 vaga
441 3697 482 3759 uei
505 3696 613 3763 incerta,
636 3694 772 3752 continent.

199 3796 299 3863 Flor.
323 3794 419 3859 Svee.
458 3790 687 3858 introductio·
949 3781 981 3853 b.
