2550 4492
458 199 723 311 mmmm
1054 197 1123 310 ἐξ».

132 422 177 488 R.
200 445 320 488 aureus
347 423 541 514 Witbering
562 448 703 514 arrong.
721 447 755 513 p.
777 424 849 493 556.

84 508 179 572 Han.
208 511 243 573 in
265 509 431 575 littoribus
462 512 562 575 maris
584 511 661 574 fuco
684 511 872 598 conspersis
894 507 1127 595 inundatisqua

128 594 383 680 provinciarum
421 597 688 660 meridionalium
727 596 867 683 passim,
899 606 937 660 ut
967 597 1127 659 Soaniae

128 679 174 742 ad
200 679 442 766 Helsingborg,
471 683 633 759 Lomma,
660 682 805 751 Malmii.
836 680 995 766 Dybock,
1024 678 1127 745 Yslad

129 761 283 848 copiose,
311 765 545 850 Blekingiae
568 765 704 830 extimae
726 766 765 831 ad
787 762 916 831 Hor-vib
938 777 998 832 etc.
1020 767 1129 830 Got-

127 848 287 912 landiae
315 850 486 937 praeoipur
510 852 552 913 ad
577 850 842 917 Gamlaliamnen
868 863 963 916 extra
986 848 1129 937 Wisby.

82 950 187 1011 Radix
215 971 311 1030 prope
342 962 479 1012 centrum
501 973 672 1034 purpurea,
703 954 757 1012 sed
779 962 913 1012 ceterum
935 950 1028 1030 magis
1049 952 1129 1009 llava

77 1059 135 1096 ram
160 1038 193 1095 in
217 1038 325 1096 ceteris
343 1041 388 1097 uti
413 1039 502 1097 etium
525 1040 654 1113 semina,
686 1040 767 1098 unde
789 1037 837 1100 R.
859 1057 984 1100 oureus
1010 1033 1066 1098 W
1064 1034 1128 1096 itti.

77 1145 106 1182 »n
139 1125 218 1182 male
248 1124 355 1182 dictus.
408 1124 515 1184 Caules
542 1125 645 1202 plures
676 1125 810 1204 undique
839 1123 905 1182 lere
927 1141 1047 1202 semper
1073 1122 1128 1179 do-

77 1212 238 1285 mbentes,
266 1208 455 1287 longitudine
485 1211 649 1270 admodum
673 1211 765 1283 varii,
801 1208 982 1288 plerumque
1004 1207 1128 1286 pedales
1179 1227 1204 1266 η

96 1295 219 1354 ramosi.
262 1293 347 1353 Folia
374 1295 462 1374 longe
488 1295 614 1353 linearia
640 1317 709 1356 cum
729 1294 919 1353 Lutoolao
943 1313 1004 1352 non
1026 1293 1128 1371 inepte

77 1390 234 1460 mperatu,
264 1380 320 1440 vix
341 1401 472 1460 unquam
501 1381 533 1440 in
557 1381 641 1439 caule
663 1383 800 1460 longiore
820 1378 986 1437 semiuncia
1003 1378 1128 1452 latiorem

102 1468 240 1527 caulibus
267 1467 436 1525 minoribus
465 1476 582 1539 tontum
610 1466 722 1526 lineam
751 1487 843 1524 rurum
873 1465 1037 1524 alteramve
1058 1466 1127 1536 lata,

77 1553 191 1612 rlvulao
215 1573 283 1611 eum
309 1553 380 1610 satis
406 1553 468 1610 suis
491 1573 580 1630 saepe
602 1561 663 1611 tres
684 1551 780 1610 lineas
802 1552 897 1624 latae,
920 1550 974 1608 sed
995 1549 1059 1606 sine
1081 1571 1129 1607 se-

77 1660 84 1695 r
106 1640 161 1697 vix
178 1659 240 1696 nna
264 1638 397 1696 latiores.
419 1637 609 1696 Autumnalis
632 1647 677 1695 est
696 1637 772 1695 baec
794 1636 910 1715 species
926 1654 1000 1714 prae
1013 1635 1128 1693 ceteris.

77 1753 115 1834 lb.
147 1753 320 1818 RUMEX
350 1754 534 1839 palustris.-
574 1754 718 1817 valvulis
751 1753 926 1839 graniferis
958 1753 1127 1838 oblongis:

126 1838 283 1902 dentibus
308 1842 535 1925 cujuscunque
559 1839 667 1903 lateris
691 1840 794 1902 tribus
813 1839 973 1903 subulatis
994 1839 1129 1901 vulvula

126 1923 361 2001 brevioribus3
400 1924 546 2010 granulis
576 1924 743 2008 oblongis,
775 1923 946 1988 verticillis
967 1923 1129 1987 distinctis

124 2006 208 2072 folio
235 2009 395 2094 petiolato
422 2008 588 2091 hilaratis,
618 2009 706 2073 foliis
729 2008 918 2073 lanceolatis
940 2008 1131 2072 subtrincr·

125 2094 236 2159 vibus.
282 2093 395 2158 Smitla
425 2092 503 2157 brit.
538 2117 565 2157 1.
594 2117 631 2182 p.
656 2093 728 2181 594.
761 2085 850 2180 angl.
873 2091 915 2183 fl.
939 2114 968 2157 2.
988 2091 1127 2179 ‘p··194·

125 2177 233 2265 Engl.
259 2177 339 2242 Bot.
361 2199 411 2263 27.
429 2188 458 2258 t.
486 2179 577 2263 1932.
1040 2216 1043 2220 ι

124 2262 165 2326 R.
191 2263 379 2326 maritimus
412 2261 507 2327 Cart.
538 2262 627 2326 lond.
657 2273 679 2327 t.
704 2263 750 2326 25⁴
798 2262 898 2328 Fries
921 2261 1072 2325 bolland.
1092 2285 1127 2346 p.

175 2347 227 2412 63.
252 2346 381 2411 Wodlb.
400 2347 537 2435 gotbob.
560 2369 594 2432 p.
617 2347 669 2432 59.
702 2346 863 2435 (Videgr.
875 2346 1006 2434 ostergs
1014 2369 1038 2432 p
1061 2347 1127 2431 29).

80 2433 168 2498 Hal).
191 2432 224 2495 in
247 2433 378 2516 aquosis
394 2433 478 2496 mari
497 2430 613 2496 vicinis
635 2433 798 2498 Scaniae
817 2435 1025 2515 aliarumque
1044 2453 1127 2517 pro-

125 2515 313 2582 vinciarum
348 2529 610 2604 temperaturum
647 2537 751 2602 usque
786 2519 825 2581 ad
863 2516 1126 2581 Stockbolmium

123 2603 205 2666 satis
233 2601 430 2688 frequenter
460 2602 529 2688 (sed
561 2601 787 2686 Ostrogotlriae
816 2601 855 2668 ad
877 2604 999 2667 Roxen
1020 2623 1126 2690 prope

122 2689 289 2774 Nyqrarn
314 2698 347 2751 et
370 2687 410 2751 ad
433 2686 592 2751 Sommeu
615 2686 798 2773 inormior).

79 2775 185 2834 Radix'
210 2775 345 2853 undique
373 2775 553 2850 rubescens,
589 2774 834 2853 simpliciuscula.
881 2775 1124 2854 Caulis‘saepius

77 2861 207 2934 litorius,
237 2869 370 2936 erectus,
397 2859 507 2939 pedem
535 2879 627 2919 unam
654 2861 818 2920 alteramve
849 2863 944 2936 altus3
971 2861 1125 2920 interdum

77 2967 172 3026 perne
200 2967 348 3004 ramosus.
392 2945 475 3004 Folia
502 2947 556 3004 vix
584 2945 705 3004 unciam
734 2949 808 3008 lata:
843 2957 925 3007 costa
949 2949 1048 3006 media
1069 2968 1124 3005 ru-

77 3042 188 3092 scante.
249 3031 395 3091 Valvulae
426 3052 494 3090 cum
527 3033 667 3092 dentibus
697 3033 758 3091 suis
787 3034 1000 3114 sesquilineam
1026 3037 1124 3106 latae5

77 3139 101 3177 te
134 3117 276 3177 dentibus
305 3118 359 3176 vix
387 3138 448 3174 una
468 3117 601 3180 latiores.
656 3116 789 3179 Granula
809 3129 910 3180 autem
927 3119 1020 3197 duplo
1040 3125 1127 3178 cras-‘

77 3224 118 3264 ira
139 3225 229 3284 quam
253 3203 285 3262 in
306 3203 516 3282 praecedente.
786 3205 791 3214 '
1073 3208 1075 3211 ’

78 3353 108 3415 7.
129 3327 306 3393 RUMEX
337 3327 575 3414 obtnaifolius:
607 3327 750 3394 valvulis
772 3331 925 3396 omnibus
946 3329 1123 3414 graniferis
1234 3345 1237 3351 '

122 3413 474 3501 triangulo-oblongis
507 3411 576 3477 basi
608 3412 768 3496 dentatis,
806 3414 977 3482 verticillis
1006 3416 1123 3478 subdi-

123 3498 253 3562 stinctio
275 3494 390 3563 foliolo
436 3497 570 3564 etioleto
592 3497 760 3580 faleratis,
783 3497 873 3565 foliis
894 3496 1036 3564 cordatis
1059 3500 1122 3564 ob-

122 3580 216 3679 tusis.
271 3581 377 3649 Lino.
397 3520 505 3671 doun.
531 3607 616 3653 avec.
637 3607 715 3670 app.
734 3607 769 3671 p.
790 3587 864 3670 557.
896 3609 913 3648 s
938 3608 984 3650 ec.
998 3583 1050 3671 pl.
1071 3585 1124 3650 ed.

124 3665 182 3733 W
179 3665 255 3732 illd.
282 3687 312 3735 2.
360 3669 464 3736 .254.
508 3671 610 3734 Retz.
632 3691 699 3734 oec.
715 3690 752 3755 p.
775 3667 848 3756 629.
930 3669 1007 3734 ose'o
1027 3667 1120 3738 Νον.

122 3751 203 3820 Act.
228 3749 309 3840 Ups.
330 3690 436 3836 illu.
457 3778 491 3842 p.
516 3753 588 3856 ard.
633 3755 813 3841 Aspegreo
833 3753 976 3849 blebing·
990 3776 1028 3840 p.
1048 3773 1116 3840 ²7»
