2550 4492
99 198 168 267 ιιιι
276 170 282 184 ’
468 217 621 267 narro
667 217 849 291 o'ronrr

87 401 332 488 ‘Cryptogamia
365 405 585 468 necessarium
618 402 764 521 videtur,
809 415 844 466 ut
877 403 1043 491 qrrasdam
1065 401 1108 468 ob

100 508 207 573 tiones
236 503 428 572 adferamus
1181 566 1190 595 ᾖ

203 604 373 673 Filiees
355 606 470 672 codem
492 607 600 683 modo,
624 627 661 669 ac
685 603 827 692 reliquas
848 603 976 692 plantas
992 586 1126 692 perfecti
1159 604 1190 665 '11

99 720 252 783 tractatas
278 729 352 772 esse
375 726 472 774 nemo
500 721 567 786 ost,
597 712 652 795 qui
677 710 827 782 miratum
856 707 913 772 sed
939 723 1058 793 postea
1084 732 1105 795 p
1137 750 1140 755 -

98 821 185 881 tam·
196 800 457 895 Cryptogamiam
488 810 767 895 ¹considerationes
803 808 1014 876 habitationis
1042 813 1126 876 sive
1176 860 1190 883 ι

98 910 275 998 graphicae'
296 933 356 998 pro
382 915 432 979 rei
456 912 567 977 indole
591 911 692 978 multo
719 915 826 975 minus
850 884 1019 997 evidentes
1046 906 1147 992 sunt,
1175 946 1190 981 :

98 1014 229 1100 mulque
253 1012 381 1082 habitus
414 1036 433 1077 ιι
458 1016 540 1078 datis
568 1013 759 1082 differentiis
786 1017 892 1078 minus
916 1015 1065 1080 diversus
1093 1036 1129 1079 ev

98 1116 187 1185 Hinc
218 1113 273 1192 fit,
307 1129 344 1184 nt
369 1120 560 1201 synonymia
585 1114 819 1183 habitationem
843 1114 1029 1194 illustrans,
1062 1114 1143 1202 ipsaf

59 1282 63 1298 ,
99 1217 212 1284 bitatio
248 1232 281 1283 et
314 1217 451 1306 donique
481 1219 716 1303 descriptiones
744 1217 926 1283 habituales
955 1217 1059 1284 multo
1077 1217 1139 1295 ,bro

98 1342 153 1389 res
177 1317 330 1396 exstent,
367 1321 513 1407 adeoque
540 1333 609 1387 tota
633 1322 780 1387 tractatio
809 1319 975 1385 multoties
997 1323 1103 1406 magi·
1151 1400 1156 1407 Ι

97 1423 257 1514 pendiosa
283 1424 355 1486 sine
378 1425 505 1508 jactura
535 1423 660 1489 evadat.
713 1420 848 1488 Muscos
874 1436 981 1488 tamen
1008 1438 1178 1523 enumerh

26 1560 28 1565 v
98 1525 150 1594 his
178 1523 282 1592 adhuc
308 1537 501 1614 occupatae,
528 1546 641 1591 omnes
668 1523 747 1589 mihi
773 1538 858 1589 certe
884 1536 980 1590 notos
1009 1525 1129 1604 studui,
1148 1530 1190 1599 a!

18 1625 27 1641 ”
97 1631 202 1714 neptis
224 1627 335 1693 forsan
358 1625 548 1713 quibusdam
576 1627 859 1711 tungermanniis,
893 1625 934 1691 ob
960 1626 1120 1693 defectum
1142 1625 1190 1695 fn!

73 1708 188 1806 xctris,
222 1743 365 1793 ceterum
387 1742 452 1795 tam
477 1732 813 1812 cito'revanescentiS,
827 1793 830 1798 ,
843 1731 949 1793 minus
974 1731 1072 1793 certis
1098 1741 1129 1794 et
1150 1740 1190 1814 pn

98 1853 170 1900 ιιιιιι
200 1827 413 1897 evidentibus.
468 1828 564 1912 Quod
592 1832 631 1896 ad
656 1829 759 1914 Algas
785 1833 910 1907 attinet,
937 1852 1051 1894 omnes
1069 1834 1190 1916 majora

56 1972 59 1977 ·
100 1946 132 2000 et
161 1937 264 2018 tnagis
299 1952 484 2000 connnuoes
518 1935 628 2019 utique
660 1934 786 1999 adferre
819 1931 927 2008 voluit
964 1933 1025 1996 sod
1055 1933 1139 2020 quod
1166 1950 1190 2003 t·

97 2028 191 2105 mnes
221 2030 725 2125 minitnaS,ta1npolymorphas
755 2048 787 2100 et
810 2038 962 2109 incertae,
992 2048 1029 2101 ιιι
1054 2037 1113 2099 vix
1130 2053 1190 2109 con·

46 2191 48 2196 .
98 2149 179 2214 stet,
210 2159 251 2206 an
277 2150 448 2204 terrestres
474 2159 516 2201 an
541 2138 724 2225 aquaticae,
752 2158 793 2200 an
819 2127 885 2201 non
913 2137 1053 2223 deniquo
1063 2131 1190 2237 animdg

25 2318 28 2325 Ι
98 2239 169 2306 cula
197 2239 249 2305 vel
276 2239 452 2324 primordia
473 2238 605 2308 illorum
628 2239 806 2305 aliorumve
836 2242 919 2321 sint,
950 2259 1018 2304 non
1042 2254 1190 2311 enumerat,

96 2344 215 2418 terim,
250 2343 330 2405 vitio
361 2338 442 2408 mihi
476 2363 542 2407 ιιοιι
572 2353 700 2408 vertent
727 2341 840 2408 harum
870 2360 979 2408 rerum
1005 2342 1111 2442 justi
1108 2336 1190 2405 aest*

96 2456 249 2513 matores.
302 2442 485 2511 Generibun
516 2443 704 2512 Linnaeanis
740 2443 813 2510 heic
840 2454 967 2530 qnoque
998 2464 1053 2508 me
1073 2444 1187 2507 nimium

76 2545 285 2634 'adhaesisse
312 2543 405 2608 multi
431 2547 503 2609 sine
531 2545 628 2608 dubio
654 2545 801 2619 credent3
828 2544 906 2608 mihi
930 2557 1040 2612 tamen
1058 2563 1124 2611 non
1140 2559 1187 2627 pa·

95 2661 159 2725 tet,
200 2669 257 2714 cur
295 2668 400 2732 genus
437 2644 595 2721 Lichenis
628 2649 730 2730 magis
769 2649 811 2709 sit
852 2645 1084 2718 eliminandum
1110 2658 1190 2737 quam

96 2771 166 2815 exc
185 2756 233 2835 gr.
266 2747 417 2828 Geranii,
465 2769 537 2814 carn
574 2747 678 2816 solam
712 2747 753 2831 ob
787 2770 933 2825 causam,
975 2751 1063 2838 quod
1089 2747 1190 2814 multat

96 2844 223 2937 species
257 2852 296 2916 ad
328 2851 393 2917 alia
423 2872 546 2945 genera
570 2850 760 2939 plerumque
789 2873 874 2914 nova
899 2850 974 2938 plus
999 2855 1106 2919 minus
1132 2865 1190 2941 [ιιι

3 3000 5 3004 .
95 2952 265 3029 blematice
300 2966 468 3022 exstructa
502 2957 566 3044 jam
594 2953 714 3024 relatas
740 2955 900 3035 amiserit,
934 2975 1007 3021 cum
1028 2953 1131 3024 nihilo
1158 2965 1190 3016 ta·

117 3214 127 3227 =
180 3183 230 3234 cies
254 3189 357 3250 propter
380 3184 505 3235 domitam
523 3189 580 3253 plus
598 3186 682 3238 minue
706 3170 828 3250 'grandem
841 3184 933 3238 iactam
948 3199 974 3238 et
985 3185 1045 3240 inde
1059 3184 1190 3253 etiamplss

179 3270 271 3340 tainus
283 3267 349 3321 lobis
374 3271 535 3335 marginatis
555 3272 696 3340 praeditam
715 3274 797 3338 aragia
816 3272 935 3325 dirimere
952 3291 1026 3327 autur
1048 3291 1108 3325 turn
1127 3276 1190 3339 qual

176 3355 332 3409 Anchusarn.
376 3356 406 3406 Iu
433 3357 487 3406 aliis
514 3357 588 3410 nibus
616 3361 759 3424 elongatur,
790 3360 835 3411 sed
860 3352 954 3413 limbus
984 3360 1075 3411 eadem
1094 3367 1190 3428 proper

182 3443 251 3493 none
273 3440 374 3491 brevior
393 3441 490 3504 evadit,
522 3457 551 3495 ut
579 3446 605 3495 in
631 3445 844 3513 Erythraeis,
870 3447 1054 3510 Primum,
1076 3448 1177 3497 Hotto

176 3529 242 3581 nia.
286 3528 447 3579 Exsistunt
441 3543 505 3580 mter
531 3530 761 3599 Campanulas
789 3534 917 3584 varietates
945 3535 1093 3602 parvissorae
1113 3540 1190 3602 paruit

178 3615 236 3665 adm
240 3615 318 3664 odom
343 3615 474 3666 notabiles.
515 3618 630 3684 Quantas
652 3620 803 3672 mutationes
824 3633 938 3687 respectu
959 3620 1140 3686 magnitudinis
1155 3633 1190 3666 co

100 3748 103 3752 ,
158 3703 240 3750 „raoli
243 3720 256 3749 e
275 3701 382 3750 sirbonnt
402 3701 490 3752 lamia
510 3714 535 3753 et
556 3705 739 3773 Galeopsides,
762 3707 824 3760 itero
840 3705 1009 3762 litteratius·
1039 3709 1124 3761 Euam
1137 3706 1190 3755 Tra·

177 3802 268 3855 ppo„
270 3807 294 3838 ιιι
318 3786 365 3839 hoc
386 3789 464 3839 modo
488 3789 560 3844 mide
581 3793 705 3847 variantur
727 3805 771 3843 *nst
