2542 4500
54 208 61 218 ’
169 212 516 316 frustrarunt
568 220 966 291 vunan-motu
1034 240 1132 300 ,axrn
1184 233 1220 279 ·,

10 425 137 498 Florae
162 440 230 494 tam
254 431 407 515 pauperis
438 449 478 493 ac
503 427 652 491 svecioae
677 426 807 493 exstrui
825 446 894 492 non
915 438 1041 513 potest,
1073 430 1144 500 sed·

12 555 65 598 ex
86 532 187 596 totins
209 529 365 596 Universi
391 527 516 615 plantis
533 524 598 593 tale
625 541 801 613 tentamen,
828 531 1024 616 siunquam,
1046 533 1138 617 peri*

16 634 195 698 elitandum
217 647 288 708 ·est;
325 632 413 718 qnod
438 633 549 717 itaque
573 630 669 695 e'xtra
691 629 813 696 limites
837 629 935 715 hujus
960 633 1071 718 operis
1098 653 1135 697 o-

17 740 130 802 mnino
154 737 298 821 positum
321 733 524 805 crediderim.
576 729 662 799 Heio
687 733 788 818 igitur
812 746 932 799 metam
956 733 1037 799 mihi
1059 756 1135 821 pro-

12 841 159 925 positam
183 836 377 901 brevissima
400 837 456 899 via
477 835 667 920 contingere
692 846 726 899 et
749 856 820 900 rem
832 833 1133 920 paucisabsolvere

11 941 159 1005 studui·
191 936 264 1004 llas
290 937 332 1003 ob
355 957 471 1002 causas
495 958 516 1000 a
538 938 728 1002 Iiunoeanis
749 935 916 1001 ordinibus
936 958 1051 1025 parum
1069 939 1136 1004 dis·
1201 984 1205 990 -

10 1040 116 1108 cessi.
168 1035 287 1128 Neque
312 1036 375 1104 hoe
398 1038 562 1105 scientiae
582 1021 818 1124 impedimento
844 1059 918 1103 esse
941 1052 1033 1127 puto.
1068 1037 1136 1117 Qut
1241 1026 1243 1031 ⁴

10 1148 105 1210 enim
135 1145 182 1224 ,in
212 1141 312 1207 finem
346 1139 447 1206 alium
467 1137 580 1205 aliam
618 1142 736 1205 seriem
768 1138 823 1205 vel
856 1142 1136 1209 coordinationem

10 1257 208 1335 praeoptat,
234 1244 332 1309 facile
361 1265 484 1329 genera
509 1242 584 1309 heic
610 1245 779 1331 proposita
804 1239 899 1308 aliter
921 1255 1136 1332 transponere

10 1361 138 1439 potest.
366 1414 373 1425 ,
1103 1414 1110 1422 ,

104 1452 164 1516 Ex
190 1448 429 1536 Designatione
453 1461 568 1515 nostra
592 1467 674 1515 mox
694 1442 905 1536 intelligitur,
935 1467 1032 1538 quam
1055 1457 1137 1545 patr·¹
1160 1480 1165 1494 2

20 1557 66 1631 oi,
104 1551 170 1617 sed
198 1554 326 1638 magni,
363 1555 429 1616 sint
459 1551 603 1631 Ordines
634 1550 818 1638 plantarum
842 1553 1146 1639 imperfectiorum¹
1245 1613 1251 1627 ,

17 1654 107 1743 quod
136 1667 257 1731 autem,
276 1663 352 1742 'quo
372 1653 585 1739 perfectiores
608 1652 750 1740 plantae,
778 1675 818 1719 eo
838 1657 946 1740 magis
968 1656 1003 1719 in
1024 1653 1138 1742 plures

16 1777 145 1844 eosque
171 1759 314 1837 minores
339 1757 471 1821 ordines
495 1753 699 1835 dilabantur,
721 1759 753 1821 si
772 1757 872 1822 modo
888 1754 1021 1825 Plantas
1039 1740 1137 1823 coln·

13 1861 162 1947 positas,
190 1860 305 1946 quovis
330 1877 431 1922 sensu
458 1856 555 1922 etiarn
579 1859 728 1923 ordinem
748 1861 962 1944 compositum
976 1857 1031 1924 val
1045 1856 1139 1946 quasi
1187 1916 1189 1920 .
1226 1934 1230 1947 Ι

14 1964 145 2026 nodum
173 1962 272 2024 seriei
295 1962 548 2038 constituentes,
575 1963 790 2046 excipiamus.
823 1958 1021 2045 Haeeratio
1044 1983 1138 2048 prae-

16 2067 136 2130 sertim
165 2066 420 2150 septentrionem
441 2083 557 2127 versus
581 2077 735 2149 augetur,
759 2076 796 2128 ut
821 2083 867 2128 ex
890 2059 1001 2128 tabula
1014 2063 1042 2147 ⁴)
1064 2061 1139 2127 heio

17 2169 190 2255 adnexa,
215 2168 490 2253 comparationem
524 2163 707 2251 plantarum
744 2164 871 2231 Scaniae
901 2178 934 2229 et
957 2163 1138 2251 Lapponiae

18 2268 191 2353 sylvaticae
225 2279 431 2354 exponente,
465 2269 672 2352 conspicitur.
719 2264 762 2332 In
786 2262 960 2353 Lapponia
982 2264 1140 2350 sylvatica

18 2372 112 2436 enirn
137 2370 284 2434 omnium
310 2368 661 2456 Phanerogt'amicarum
686 2368 871 2456 plantarum
896 2369 1060 2460 maxiruus
1086 2388 1140 2432 or·

18 2474 64 2538 do
108 2485 163 2537 est
202 2467 551 2550 Calamariarum,
604 2471 680 2536 dein
723 2466 979 2549 (irminam,
1022 2483 1140 2555 postea

23 2573 376 2661 Compositarum.
412 2574 467 2642 'In
501 2575 620 2642 Saenia
642 2593 721 2638 vero
751 2575 854 2638 series
879 2574 1050 2638 invertitur
1073 2575 1138 2638 ita:

21 2711 185 2737 m

74 2787 150 2866 *2115
170 2792 218 2850 hac
233 2790 323 2848 alula
343 2808 429 2850 tamen
453 2793 563 2860 &dines
584 2797 700 2851 nonnulli
722 2798 814 2867 patum
832 2792 955 2850 notantia
976 2793 1006 2848 ut
1029 2791 1140 2849 Inna:
1179 2800 1184 2809 '

108 2871 225 2945 datae,
257 2884 458 2952 Sopianae,
489 2887 696 2949 contortae,
719 2879 1139 2946 'l'rihilatae‚·Cucurbi·

103 2983 246 3033 taceae,
268 2972 492 3040 Vepreeuliae
517 2985 542 3024 et
567 2971 757 3029 scabritiae
777 2973 864 3023 omissi
884 2982 956 3036 tamt,
979 2971 1071 3039 quihus
1091 2969 1141 3022 ad»

88 3057 246 3110 'nummatis
274 3058 761 3128 suranna-Dicotyledonearum
788 3059 912 3120 album.
937 3058 1042 3119 §ueniae
1062 3073 1141 3126 290,

95 3142 315 3211 Lappouiae87,
334 3141 748 3214 -Dicotylcdoncarum
770 3145 1010 3198 subexalhum.
1035 3144 1140 3194 Scaniae

78 3274 81 3279 .
103 3229 192 3294 560,
222 3223 368 3298 Lapponlae
399 3234 437 3302 93
469 3232 560 3285 evadit.
604 3231 693 3299 ltaque
716 3242 837 3283 numento
857 3229 979 3299 generalis
999 3230 1141 3282 secundum

102 3315 176 3368 hanc
197 3318 413 3391 computationem
439 3336 486 3387 pro
512 3319 603 3371 Saenia
625 3319 713 3386 paullo
732 3325 834 3383 minor,
865 3336 914 3387 pro
932 3304 1064 3386 Lappouia
1084 3318 1141 3385 syl-

101 3403 191 3454 vatica
212 3404 299 3470 paullo
324 3404 423 3470 major,
446 3423 523 3472 quarn
542 3407 854 3473 inpag.1.xretux111‚
877 3420 954 3472 quam
974 3404 1143 3455 differentiam

103 3505 250 3562 exaequare
276 3508 367 3558 parum
396 3491 477 3543 lubet.
507 3518 541 3529 -·
573 3493 661 3544 Etiam
681 3493 752 3558 qnod
780 3492 813 3561 ad
836 3491 901 3543 hana
921 3488 1034 3541 tabulam
1055 3488 1143 3541 attinet

70 3644 73 3649 .
104 3570 316 3643 observandum,
350 3593 394 3628 me
423 3574 590 3629 Liliaceartun
609 3572 730 3650 sOrdines
753 3574 907 3644 conjunctim
925 3570 1052 3628 brevitatis
1071 3590 1145 3625 carras

106 3663 291 3734 proposuisse5
327 3662 394 3715 sieut
421 3679 523 3733 quoqne
552 3664 798 3733 Tripotaloidealum
826 3667 890 3717 ordo
916 3665 1004 3716 multis
1034 3662 1146 3713 nimium

16 3770 41 3781 ··
105 3748 272 3818 compositus
304 3748 439 3804 videbitur.
484 3747 514 3803 Sl
540 3760 626 3803 tamen
650 3752 680 3802 tat
705 3753 816 3805 ordinet¹
836 3753 863 3805 in
882 3734 1144 3823 pluret'divldtnlur,

104 3838 203 3903 regula
224 3837 349 3904 generalis
369 3836 521 3906 supradeta
544 3837 624 3889 nihilo
647 3841 731 3890 minus
751 3841 824 3890 valet,
971 3849 984 3879 ι’
