2550 4492
67 209 131 258 xxx
350 206 676 259 cousvscro‘s
729 192 880 260 ardut
984 183 986 193 '
1163 232 1172 267 ι

22 377 30 403 ⁸
68 386 194 474 samm,
236 398 336 482 quasi
362 399 575 482 exceptiones
615 395 669 460 tcl
703 395 961 461 modificationes
993 378 1171 484 regulamlt
1190 396 1201 436 ³?

66 497 270 598 generalium
293 496 502 575 efficientem,
528 499 626 584 idque
648 521 776 583 semper
800 499 1028 563 descendendo
1052 521 1074 562 a
1096 521 1132 562 su
1165 510 1168 517 '
1197 508 1205 539 ³

26 624 34 646 ⁸
66 605 129 668 mis
160 598 289 687 alpibus
326 594 515 684 saturnoque
548 603 789 685 septentrione,
826 601 882 663 ubi
915 603 1023 663 omnia
1056 592 1174 686 simpli't
1186 606 1205 641 ·-“

66 707 157 768 ciora
197 723 233 765 se
273 705 410 777 sistunt,
448 715 480 764 et
509 703 714 786 procedendo
753 704 793 765 ad
825 697 980 765 intermina
1011 706 1134 789 magisq
1169 770 1173 777 ,

66 801 293 872 meridionalia
320 803 394 867 loca
420 805 564 866 rationes
590 807 694 889 magis
721 807 917 888 compositas
945 800 1171 869 exhibentia:¹

167 905 332 991 Alpium
369 909 582 969 cacumina
612 905 860 992 glacialia
851 928 885 969 ιιι
916 919 949 969 ct
977 898 1063 970 circa
1092 888 1163 969 snti'·

65 994 164 1076 telma
201 1009 393 1095 praesertim
424 1011 487 1070 sita
516 1021 609 1085 sunt,
649 1007 705 1072 ubi
736 1010 827 1073 adest
860 1000 999 1071 elevdtio
1034 1011 1165 1073 maxima
1175 1034 1205 1099 ᾖς

65 1115 160 1198 regni
199 1113 295 1174 5705
324 1112 399 1195 ped.
426 1113 527 1193 paris·¹
552 1080 729 1187 secundum
752 1110 897 1173 ultimam
922 1123 1067 1174 nostram
1092 1100 1205 1211 coines:

65 1217 266 1302 putationem
299 1216 472 1299 attingens·
532 1213 586 1274 Ex
621 1211 681 1275 hac
709 1214 815 1276 media
843 1226 875 1275 et
901 1211 1058 1277 altissima
1084 1216 1205 1296 parta-:J

66 1317 167 1403 alpini
191 1317 261 1401 jugi
285 1313 466 1378 subsimilis
481 1317 647 1403 cacumina
660 1315 735 1376 dein
750 1317 843 1400 quasi
858 1316 1005 1399 dispersa
1022 1331 1098 1377 sunt
1110 1294 1205 1480 tuga

64 1440 180 1483 versus
212 1415 276 1481 ΝΟ
311 1431 378 1482 tum
409 1415 477 1493 SV,
513 1419 559 1478 ita
592 1427 717 1494 tamen,
749 1429 784 1478 ut
814 1418 895 1479 mari
923 1418 1075 1502 utrinque
1102 1427 1201 1509 pta,

64 1525 159 1607 picra
197 1517 294 1597 fiant,
330 1541 432 1606 usque
471 1519 544 1582 dum
583 1531 679 1582 extra
705 1516 890 1601 Altenljord
920 1511 1205 1607 Finmarkiaeet‘,

65 1624 107 1686 ad
132 1622 275 1689 Kunnen
298 1619 507 1684 Nordlandiae
532 1620 753 1684 meridionalis
778 1624 909 1683 omnino
933 1619 1086 1706 glacialia
1102 1616 1180 1684 asad

66 1737 207 1790 cessant.
260 1721 312 1786 Ob
338 1726 493 1787 exindam
516 1722 739 1787 humiditatem
764 1722 897 1786 aestatis
924 1726 1031 1786 varias
1046 1722 1182 1808 plantat¹

64 1826 160 1891 valde
200 1828 348 1911 proprias
386 1823 506 1889 habent
538 1837 575 1887 ut
606 1823 900 1888 Ranunculum
933 1810 1184 1911 glacialem,

64 1929 314 1994 Gentianam
340 1926 583 2013 glacialem,
613 1925 789 1991 Drabam
817 1925 1006 2013 alpinam.

166 2030 295 2115 Alpes
324 2029 490 2093 nivales
517 2030 624 2094 dicere
649 2033 811 2105 convenit,
836 2028 893 2094 nbi
916 2032 976 2093 nix
991 2029 1097 2096 omnis
1115 2050 1171 2117 per

64 2146 166 2198 totam
197 2145 352 2196 aestatem
384 2155 450 2195 non
484 2130 620 2195 solvitur
650 2146 683 2195 et
714 2130 770 2194 ubi
801 2133 909 2217 itaque
940 2154 1023 2219 aqua
1055 2133 1188 2201 nivalis.

65 2235 185 2322 ubique
215 2233 330 2316 diffluit
361 2233 416 2298 vel
452 2233 566 2296 saltam
596 2235 818 2315 humiditatem
854 2231 961 2298 efficit.
1019 2234 1094 2300 Hae
1126 2249 1170 2299 ta-
1200 2242 1205 2295 ἱ

65 2341 139 2404 men
168 2336 258 2423 alpes
282 2360 347 2400 non
373 2359 501 2423 semper
526 2328 639 2427 omnepi
666 2339 884 2401 terminum
912 2336 1095 2402 sicdictum
1115 2339 1168 2400 ni·

64 2439 197 2504 valem
237 2438 305 2523 (ubi
332 2442 394 2503 nix
417 2448 576 2524 perpetua
606 2443 764 2524 majorem
792 2451 918 2522 partem
949 2452 1057 2503 terrac
1080 2437 1164 2524 tegit)

64 2545 241 2627 attingunt,
265 2542 323 2603 sed
345 2541 534 2626 plerumque
553 2543 588 2603 in
606 2545 742 2626 regione
758 2539 879 2626 alpium
896 2539 1054 2607 nivalium
1073 2540 1165 2630 qnod·

50 2645 138 2708 ‘dam
171 2657 294 2707 tantum
330 2664 492 2720 cacumen
514 2646 646 2706 exsistit
677 2642 770 2706 illum
800 2646 970 2707 terminum
1003 2662 1169 2729 superans·

51 2734 118 2810 xSic
152 2750 237 2809 inter
269 2743 493 2830 Herjedaliam
526 2757 559 2806 et
591 2743 819 2811 Jemtlandiam
853 2745 960 2831 alpem
993 2745 1172 2834 Syltoppen

63 2847 233 2913 altitudine
272 2850 368 2912 5460
404 2847 479 2934 ped.
509 2850 614 2932 paris,
645 2852 816 2913 terminum
848 2849 967 2913 dictum
999 2866 1172 2934 superare,

64 2953 173 3038 itaque
204 2949 320 3013 multas
353 2950 443 3036 alpes
475 2951 603 3016 nivales
629 2954 835 3016 circumcirca
857 2947 983 3016 efficere
1006 2942 1061 3015 vel
1081 2955 1205 3039 quasi·v

62 3052 103 3115 ad
138 3074 173 3114 se
204 3049 359 3136 colligere
396 3055 533 3128 scimus3
576 3055 617 3116 an
647 3066 755 3119 autem
787 3051 878 3136 alpes
910 3052 1067 3140 quaedam
1095 3040 1187 3120 vere¹

61 3153 233 3218 nivales
225 3175 258 3216 ιιι
291 3152 484 3217 Dalecarlia·
516 3153 636 3218 finibus
670 3158 848 3232 exsistant,
891 3177 952 3240 pro
983 3169 1072 3225 certo
1105 3180 1174 3223 non

63 3268 235 3341 expertum
270 3253 438 3320 habemus.
505 3255 631 3319 Versus
665 3255 728 3320 ΝΟ
764 3256 853 3343 alpes
885 3255 1053 3322 nivales
1042 3265 1175 3347 conspi-

64 3361 151 3422 ciunt
153 3380 191 3419 ur
219 3377 331 3442 usque
368 3361 409 3422 ad
436 3321 665 3436 Rastekaisse‚
706 3362 766 3426 vix
794 3380 874 3424 vero
903 3360 1041 3424 ulterius
1071 3363 1173 3428 ullae

62 3457 227 3544 Regiones
257 3458 424 3543 planiores
447 3482 562 3525 versus
589 3459 673 3546 alpis
697 3461 756 3541 illa
782 3462 957 3549 singularis
982 3439 1174 3531 dreskutan

62 3583 172 3625 earum
195 3559 294 3625 finem
320 3565 497 3628 constituit.
549 3561 623 3627 Hae
647 3563 738 3650 alpes
761 3565 889 3651 plantas
914 3588 934 3630 a
958 3565 1098 3631 Linnaeo
1122 3573 1185 3633 ni·

61 3662 152 3727 vales
186 3663 286 3727 dictas
317 3669 491 3750 praecipue
526 3664 646 3729 habent
679 3681 716 3732 ut
740 3659 1071 3736 Ranunculum
1053 3672 1174 3737 niva-

61 3763 157 3842 lem,
200 3763 467 3853 Saxisragam
499 3767 681 3854 nivalem
713 3782 746 3833 et
777 3791 991 3852 cernuam,
1030 3771 1173 3843 Airam
1203 3813 1205 3816 ·

29 3888 34 3902 ·
61 3864 250 3953 alpinam
