2550 4492
79 274 151 329 -ιι
483 253 637 316 atrro
681 258 901 316 orituro

114 462 237 554 naturae
266 494 352 548 sunt.
406 480 591 547 Praesertim
617 479 740 569 regnloe
764 479 957 548 Linnaeanae
981 477 1100 567 jubent
1124 483 1166 550 ab
1188 509 1238 552 ar.

114 585 240 652 tificiali
273 584 426 649 methodo
465 607 525 671 per
557 605 681 671 genera
708 586 813 672 magis
844 583 1007 649 naturalia
1039 587 1170 665 demum
1196 591 1263 656 ad
1266 578 1269 589 ¹

114 691 243 776 species
280 709 377 785 quam
417 690 561 752 maxime
597 686 763 751 naturales
791 688 956 752 accedere.
1018 687 1268 783 Progressum

82 780 212 869 liunc,
240 786 395 877 quantum
412 793 590 878 potuimus,
613 802 799 911 sequentes,
826 788 949 854 classes
971 803 1004 854 et
1030 792 1234 858 ordinesar·

113 890 265 961 tiflciales
301 915 368 959 non
402 895 616 971 mutavimus,
662 895 698 958 in
730 913 926 981 quacunque
960 891 1065 958 classe
1094 899 1231 981 primum

113 995 248 1067 schema
277 997 428 1061 ordinum
453 994 487 1061 et'¹
506 1018 664 1083 generum
691 999 896 1081 synopticum
914 992 971 1083 vel
992 995 1163 1062 artificiale
1179 1000 1231 1063 de-

114 1100 240 1176 dimuS,
263 1099 338 1163 dein
352 1104 472 1186 generi
495 1103 611 1186 cuique
635 1120 695 1162 suo
711 1083 791 1162 lo'cc
816 1077 1034 1162 characterem
1052 1104 1242 1186 magisne

113 1190 252 1266 turalelu
286 1217 319 1265 et
349 1203 454 1266 iirsius
488 1200 687 1287 explicatum
720 1205 946 1286 praemisimus.
1007 1201 1062 1266 Sic
1093 1203 1229 1291 denique

112 1305 155 1368 ad
168 1306 318 1392 species,
342 1306 489 1392 adeoque
513 1307 618 1391 ipsam
637 1317 797 1382 naturam,
819 1306 1048 1390 pervenientes
1061 1320 1158 1391 urget
1172 1326 1228 1370 nos

105 1384 250 1494 ‘quaestio
284 1407 342 1472 illa
376 1429 496 1505 anceps
529 1409 661 1471 omnino
700 1421 733 1470 et
761 1406 871 1470 solutu
896 1427 1052 1493 perquam
1079 1407 1227 1487 difficilis,

114 1523 286 1597 quousque
324 1514 451 1596 species
483 1523 606 1574 naturae
637 1512 870 1576 convenienter
896 1507 1149 1595 multiplicandis
1178 1510 1227 1576 vel

113 1611 349 1699 distingvondae
375 1617 457 1693 sint,
484 1607 632 1700 quaestio,
656 1616 798 1698 inquam,
823 1626 889 1677 tam
911 1633 1043 1698 auceps,
1072 1626 1109 1677 ut
1130 1617 1228 1700 majo·

111 1737 182 1780 rem
211 1735 308 1804 quam
339 1713 409 1781 ulla
440 1715 506 1780 alia
537 1718 622 1781 inter
646 1712 824 1781 Botanicos
851 1717 992 1801 moverit
1016 1709 1225 1797 discerdiam,

71 1874 86 1910 l
111 1820 210 1882 immo
239 1829 272 1881 et
298 1831 369 1908 orta
393 1817 455 1884 hac
479 1819 519 1882 de
543 1840 586 1883 re·
606 1820 693 1882 inter
717 1820 861 1884 surnmos
889 1819 941 1882 sui
963 1817 1076 1883 seculi
1097 1817 1231 1885 Bottnt-

112 1940 188 1999 ces,
220 1919 433 1985 Linnoeum
457 1934 491 1985 et
514 1919 751 2000 Hallerum,
778 1922 960 2000 dissensio,
987 1922 1248 1988 inimicitiarum

112 2040 242 2110 quoque
264 2022 350 2088 iacta
374 2027 418 2088 sit
444 2026 548 2111 orige,
574 2012 767 2088 lieet'ambo
780 2038 928 2089 naturam
943 2026 1131 2090 sincerrime
1144 2026 1238 2114 quae·'

111 2123 294 2210 siverint‘).
346 2121 493 2191 Necesse
517 2138 578 2203 est,
603 2140 650 2205 ut,
677 2149 751 2193 euru
775 2131 935 2192 tramitem
956 2126 1172 2194 Linnaeanum
1189 2125 1228 2194 ad

110 2231 239 2315 species
275 2227 512 2296 contrahendas
541 2251 739 2315 persequar,
780 2235 878 2295 etiam
905 2232 1049 2296 rationes
1080 2219 1168 2314 ejus
1183 2253 1228 2298 ex

108 2344 227 2396 natura
251 2337 389 2418 petitas,
418 2344 573 2419 quantum
595 2329 669 2395 lieri
690 2335 817 2418 possit,
847 2331 1026 2413 declarem,
1059 2354 1101 2397 ne
1115 2335 1229 2401 ‘schis-

108 2447 198 2505 mata
224 2433 303 2499 talia
328 2437 464 2499 nimium
487 2447 686 2521 repetantur.
738 2432 871 2501 Naturae
899 2438 1068 2513 convenit,
1101 2450 1139 2501 ut
1164 2459 1227 2526 quo

108 2539 215 2623 magis
239 2557 356 2602 versus
383 2549 528 2602 austrum
553 2537 784 2622 procedamus,
810 2559 849 2602 eo
873 2541 978 2624 magis
1001 2536 1225 2604 luxuriatae·

108 2641 243 2729 getatio,
271 2653 305 2704 et
329 2659 370 2703 eo
395 2636 500 2726 magis
525 2637 664 2726 singulae
693 2644 820 2726 species
843 2643 878 2705 in
894 2644 1067 2704 varietates
1083 2639 1230 2708 dilabam

107 2740 183 2820 tdr,
211 2763 282 2829 quae
305 2743 436 2808 demum
456 2741 594 2815 formam
618 2745 725 2828 magis
748 2741 851 2808 fixam
878 2744 1017 2808 totidem
1042 2748 1229 2830 specierum

108 2860 288 2911 assumunt.
342 2843 484 2926 Conna,
517 2866 592 2932 quo
614 2847 721 2937 magis
745 2847 787 2911 ad
813 2849 1069 2932 septentrionem
1099 2851 1235 2914 accedis.

100 2940 191 3026 urus,
219 2970 268 3011 eo.
283 2950 381 3014 etiam
409 2949 473 3014 sibi
497 2951 638 3013 invicem
659 2952 831 3036 propiores
854 2947 938 3012 finnt
958 2946 1146 3027 haeiormae,
1173 2973 1231 3016 us.

105 3052 172 3139 ιιι
196 3047 272 3115 dum
292 3049 348 3114 vel
370 3053 488 3116 iterum
516 3045 648 3116 omnin'o
675 3051 855 3127 confluant,
882 3047 937 3113 vel
961 3064 997 3114 ut
1019 3049 1230 3134 aberrantes,

106 3142 147 3221 oi'·
168 3152 215 3215 ita
248 3153 368 3231 dicam,
403 3154 515 3219 formae
556 3153 729 3240 principali
760 3152 814 3216 vel
846 3153 1002 3219 cardinali
1036 3156 1161 3241 speciei
1189 3177 1231 3222 se

107 3248 202 3340 quasi
227 3253 426 3320 submittant.
478 3255 528 3320 Ita
552 3259 697 3341 species„
722 3255 792 3320 fere
816 3268 851 3318 ut
870 3256 990 3340 gradus
1009 3255 1226 3343 longitudinis

43 3358 46 3362 ’
104 3344 197 3445 globi
225 3360 408 3444 terraquei,
444 3378 561 3422 versus
594 3360 763 3423 meridiem
788 3356 964 3432 dilatantur
990 3357 1045 3430 vel
1068 3360 1223 3448 multipli=

105 3468 237 3538 eantur,
268 3479 385 3525 versus
413 3463 668 3548 septentrionem
699 3481 778 3527 vere
805 3459 1041 3526 contrahuntur-
1064 3461 1119 3526 vel
1143 3485 1225 3553 pau·

105 3561 212 3628 olores
237 3556 333 3626 flunt.
383 3561 438 3628 Sic
464 3585 519 3627 ex.
533 3585 584 3649 gr.
611 3559 839 3647 Corydalis
861 3562 1044 3630 bulhosa
1069 3591 1090 3629 e
1112 3567 1226 3653 digi«

103 3672 191 3734 tata
218 3662 374 3751 (Halleri)
404 3666 445 3731 ad
468 3669 640 3740 terminum
670 3687 765 3741 snum
794 3665 961 3735 borealem
983 3664 1129 3753 Upseliae
1159 3681 1227 3744 tenu

144 3872 233 3958 lille
255 3885 311 3951 irae¹
330 3902 432 3968 qnoque
453 3858 485 3951 ιι
503 3855 648 3953 conferma
672 3880 767 3956 Saea,
790 3882 888 3975 Hc'le.
905 3885 935 3946 5.
957 3858 984 3949 'n
1006 3900 1075 3971 '⁴2¹
