2550 4492
245 243 613 305 ''fc‘omffsrncrur
666 260 822 305 auant
1009 253 1148 315 ιιιιι,

77 464 158 507 raum
191 439 323 506 ‘versus
338 439 499 506 *centurn
532 441 585 507 vel
618 457 743 529 partem
771 465 863 508 suam
891 435 1105 528 principalem

77 569 117 610 ure
155 548 269 631 magis
307 547 479 629 campestri
497 545 683 629 fgnudeant.
743 546 809 610 sic.
833 560 936 610 totum
966 568 1105 630 rognum

77 649 224 712 {animodo
253 650 456 732 variegatam
472 658 522 709 ''ne
545 648 650 711 dicam
670 647 850 712 areolatum
876 649 994 726 evadit,
1020 648 1106 713 limi·
1180 647 1184 656 ’

96 751 149 814 vel
173 743 519 835 dissepimentis'plus
543 752 649 813 minus
671 748 747 813 latis
771 749 823 814 vel
846 753 994 815 extensis
1012 754 1108 838 quasi

77 856 135 917 em*
148 855 370 936 exceptiones
382 859 385 864 ’
398 842 438 913 ab
452 848 576 914 ¹‘indole
603 855 815 936 progressiva
838 854 981 939 regulari
1006 871 1106 940 vege-

77 942 121 1018 nis
133 952 383 1018 efficientibus.
420 947 541 1017 ‘Etiam
564 951 648 1018 hanc
677 953 719 1019 ob
744 971 874 1018 causam
901 956 1005 1019 dictae
1030 972 1107 1042 pro-

77 1080 115 1121 ae
147 1062 274 1120 'sensu
267 1062 415 1141 quoque
443 1050 601 1119 Botanico
626 1052 723 1119 valde
751 1056 979 1121 memorabiles
1004 1057 1106 1138 fiunt,

77 1166 124 1223 ιἰιιι
148 1158 402 1254 inaequalitates
432 1161 535 1221 intra
543 1151 700 1223 terminos
724 1160 947 1243 generaliores
976 1175 1108 1246 vegeta·

79 1264 285 1381 prospicere
308 1246 482 1338 voluimus
506 1262 672 1347 quando
662 1277 699 1325 ιιι
725 1280 823 1345 opere
847 1275 961 1325 nostro
985 1262 1107 1349 ubique

77 1366 258 1428 tisumus'
271 1363 331 1426 de
339 1350 527 1449 regionibus
560 1366 665 1449 magis
699 1367 858 1427 montosis
888 1364 997 1448 (quarn
1022 1388 1107 1429 cam·

77 1458 164 1552 ribus)
188 1464 264 1529 '‘vel
286 1467 367 1528 'tice
390 1476 508 1528 '‘versa.
567 1461 613 1529 Ut
643 1478 752 1528 autern
785 1488 854 1530 rem
887 1478 1040 1552 quantum
1070 1469 1108 1531 in

77 1591 112 1632 ue
143 1568 221 1632 fieri
243 1559 580 1652 potest“exactior'em
605 1568 794 1644 reddamus,
821 1571 891 1652 jam
913 1566 1109 1651 paullo'de·

77 1673 186 1748 ndum,
200 1684 204 1691 ’
220 1669 310 1756 quod
334 1685 406 1733 cum
421 1658 483 1732 ‘his
505 1668 636 1755 illisque
662 1669 755 1733 dictis
780 1669 1027 1754 intelligendum
1050 1692 1108 1734 ve-

77 1794 105 1851 ιι,
126 1775 325 1860 praesertim
350 1794 422 1834 cum
444 1769 506 1834 hae
534 1766 814 1834 denominationes
843 1770 936 1835 valde
950 1772 1109 1837 relativae

77 1885 82 1935 t
102 1889 130 1938 et
156 1871 192 1939 ιιι
214 1877 328 1938 variis·
343 1870 439 1937 terris
451 1876 554 1936 'vario
576 1873 673 1937 modo
689 1874 855 1960 graduque
869 1872 1109 1939 modificantur.

77 1977 98 2038 ιι
117 2000 175 2041 nos
200 1971 247 2040 'in‘
264 1976 382 2040 Svecia
402 1976 509 2038 media
534 1988 567 2038 et
588 1975 791 2054 australium,
818 1974 874 2040 ubi
899 1989 1027 2041 montes
1050 1977 1109 2040 alti

77 2076 128 2141 rino
150 2078 233 2143 nulli
261 2090 347 2155 sunt,
364 2089 564 2142 'montosa
594 2074 657 2141 dici
679 2091 788 2164 potest
802 2095 857 2143 ex.
873 2100 922 2164 gr.
937 2082 1109 2164 congeries
1204 2128 1207 2132 -

90 2184 341 2257 eminentiorum,
373 2202 455 2266 quae
480 2179 672 2244 Sveciam
700 2197 773 2266 per
799 2203 842 2245 se
871 2204 890 2245 a
917 2181 1037 2244 Gothia
1061 2182 1111 2246 di·
1139 2224 1148 2237 =

77 2287 138 2366 'gvit'
151 2298 182 2348 et
205 2287 347 2369 primum
371 2281 496 2366 sylvam
522 2276 726 2347 Kolmorrlen
753 2281 839 2348 iuter
865 2281 1110 2367 Ostrogothiam

77 2384 318 2450 ludeimanniam
339 2380 506 2449 constituit
532 2399 565 2448 et
588 2401 671 2472 quae
695 2379 771 2448 inde
786 2388 1110 2472 continuaturusque

77 2482 221 2554 liveden-
244 2492 332 2551 inter
346 2524 348 2529 s
364 2485 530 2551 Nericiam
569 2501 602 2551 et
632 2483 902 2573 Vestrogothiam
933 2501 1030 2576 atque
1058 2502 1112 2551 ut·

77 2593 166 2656 duum
186 2594 338 2655 *circiter
370 2593 444 2653 300
473 2590 548 2674 ped.
582 2585 690 2675 paris¹
715 2607 815 2676 supra
846 2580 936 2655 mare
969 2593 1110 2676 attingit.
1185 2664 1188 2669 ,

76 2686 146 2755 ihis
155 2697 304 2758 minores
331 2706 454 2756 tantum
481 2695 675 2765 eminentiae
699 2695 834 2772 adsunt,
859 2696 952 2778 regio
980 2694 1111 2779 quidem

77 2814 81 2854 ι
99 2801 252 2883 propriae
267 2807 435 2873 montosa,
452 2796 525 2857 'sed
548 2808 700 2880 respectu
726 2794 865 2860 aliorum
892 2794 1041 2859 locorum
1062 2797 1112 2858 vi-

78 2915 141 2963 rum
167 2893 286 2984 magis
301 2911 452 2963 montosa
478 2896 587 2983 (quam
613 2896 816 2982 campestris)
844 2898 972 2973 dicitur,
1003 2910 1036 2960 et
1062 2910 1112 2960 ta·

77 3003 324 3089 suntplerique
351 3000 471 3064 limites
496 3002 584 3062 inter
604 3012 734 3065 nostras
757 2998 903 3087 singulas
929 2990 985 3063 vel
1006 3002 1113 3064 mino-

80 3104 279 3189 pr'ovincias
332 3103 397 3168 Hic
428 3116 536 3167 tamen
563 3099 801 3169 observandum
829 3102 941 3188 plures
967 3106 1119 3166 eminen-u

83 3205 137 3271 vel
168 3206 358 3270 altitudines
384 3213 609 3282 coacervatas,
642 3209 787 3291 quamvis
812 3205 924 3290 paullo
949 3208 1115 3295 minores‚·

77 3331 95 3373 s
138 3305 272 3376 efficere
317 3309 360 3372 ad
397 3311 638 3394 vegetationem
677 3323 861 3373 rnontosam
894 3308 1112 3391 reddendam,

76 3436 87 3476 ι
115 3434 220 3477 unum
253 3403 432 3476 alterumve
462 3426 614 3475 cacumen
641 3414 746 3497 magis
773 3423 957 3496 separatum
987 3423 1021 3473 et
1046 3410 1113 3472 dis.

77 3538 124 3595 ιιι,
153 3529 349 3602 quamquam
373 3512 572 3601 aliquantum
597 3509 705 3577 altius
744 3508 849 3579 Etiam
873 3515 903 3577 si
924 3510 1113 3605 altitudines

77 3617 190 3684 tiebus
223 3620 416 3702 praesertim
441 3617 611 3680 maritimis
635 3615 804 3681 immixtae
830 3614 885 3679 vel
910 3616 1113 3700 interruptae

108 3743 150 3786 eo
174 3724 287 3786 minus
311 3717 373 3783 hoc
392 3718 679 3804 respectuvalent.
714 3718 769 3782 Sic
794 3740 850 3783 ex.
865 3740 914 3803 gr.
928 3721 1033 3803 regio
1037 3716 1112 3786 Cal-

77 3827 164 3890 ensis
188 3822 457 3908 septentrionalis
481 3844 580 3907 supra
595 3821 783 3896 Vestervik‚
811 3840 893 3906 quae
913 3819 1111 3887 multisoni-

170 3972 184 4009 ι1
