2550 4492
412 284 419 305 ²
441 289 599 338 averso
634 264 824 341 ccc-'nis
1099 270 1161 343 xtr'r

135 458 216 527 lam
241 457 427 524 secundum
444 459 598 527 ordinem
619 479 728 527 rerum
745 458 1046 548 ,pertractandarum
1064 480 1163 547 supra

55 562 218 627 indicatum
262 561 307 625 ad
337 561 629 629 considerationem
658 580 831 645 generum,
844 560 1019 646 specialem
1048 584 1163 655 prorre-

59 664 208 730 nicntibus
248 667 392 749 primmn
432 665 466 727 in
502 665 691 731 raemoriam
706 702 715 731 ,-
731 665 880 752 redigere
918 663 1030 733 nobis,
1049 666 1164 743 liccat,

56 790 125 854 quae
153 789 259 852 supra
286 769 471 831 dictasunt
502 767 544 833 dc
566 769 799 853 progressione·
823 767 971 852 generali
997 767 1039 832 ab
1062 765 1165 835 artifi-

56 869 183 934 cialibus
207 868 472 956 generaliorihus
494 870 537 935 ad
552 873 659 956 nangis
672 869 838 939 naturales
852 873 1075 936 institutiones
1090 876 1174 957 spe·'

58 972 212 1037 cialiorcs.
242 972 299 1036 Sic
322 964 525 1039 characteres
552 990 708 1058 generum
727 977 763 1037 in
776 985 934 1037 mntextu
949 995 1048 1060 saepe
1060 996 1167 1061 usque

59 1077 130 1139 adeo
155 1076 266 1161 magis
286 1068 452 1138 naturales
474 1072 551 1139 lacti
571 1088 649 1140 sunt
669 1096 766 1160 quarn
785 1074 917 1145 rehem
927 1077 963 1139 in
977 1090 1166 1162 conspectu,

60 1191 89 1241 ut
110 1179 309 1264 pracsertim
334 1173 460 1254 verbis,
489 1186 525 1241 et
547 1196 630 1264 quae
655 1179 702 1241 ita
728 1177 769 1241 de
790 1178 951 1243 industria
976 1201 1076 1264 saepe
1097 1179 1167 1245 elc-

59 1283 174 1366 gimus,
212 1277 288 1343 aliis
324 1280 365 1343 ad
390 1278 641 1346 illustrationem
665 1276 835 1345 meliorem
859 1294 993 1345 namma
1014 1285 1169 1368 expressi

58 1386 184 1447 niarium
219 1383 352 1446 differre
387 1382 565 1447 videantur.
624 1378 784 1449 Naturam
810 1385 917 1468 ipsam
941 1387 1039 1449 etiam
1062 1388 1168 1471 magis

59 1489 216 1572 attingere
240 1483 334 1548 volui
349 1485 398 1549 'in
423 1482 710 1550 observationibus·
733 1484 818 1563 illis,
845 1485 931 1570 stylo
958 1489 1107 1566 cursivo,
1132 1499 1170 1553 ιιι

63 1590 177 1667 dicunt,
206 1590 356 1664 excusis,
383 1585 444 1651 sub
466 1608 659 1675 quocunque
686 1609 808 1672 genere
834 1589 969 1667 additis,
992 1588 1169 1677 inquibus

63 1703 265 1778 conspectum
296 1704 427 1776 quoque
459 1689 641 1755 naturalem
675 1693 857 1774 specierum
888 1713 1073 1778 proponere
1101 1705 1169 1757 stu·

62 1794 122 1873 dui,
159 1793 248 1858 adeo
272 1806 309 1856 ιιι
333 1793 613 1859 considerationes
637 1791 797 1879 reliquam
817 1808 965 1858 naturam
992 1796 1171 1882 respicien-

59 1910 123 1977 tes,
159 1893 236 1972 vel,
267 1907 304 1958 ut
327 1893 519 1982 plerumque
544 1888 608 1960 dici
632 1909 783 1980 possunt,
810 1897 1046 1984 geographicas
1071 1900 1170 1963 etiam

58 1997 347 2084 subintelligercm.
405 1997 462 2062 Sic
490 2006 546 2065 eri·
571 2019 621 2082 gr.
648 2000 683 2060 in
705 1996 850 2063 llumicis
872 2022 998 2091 genere¹
1013 2022 1172 2087 perquam

54 2104 188 2167 evidens
213 2099 428 2165 mihixvismn
452 2113 514 2179 est,
534 2099 703 2186 quomodo
729 2104 858 2186 specics
886 2105 922 2166 in
945 2103 1172 2169 australio-

59 2205 169 2269 ribus
205 2200 414 2288 regionibus.
434 2201 616 2267 verticillos
644 2204 852 2290 angustiores
882 2218 916 2268 et
945 2209 1070 2289 rnajora
1098 2227 1173 2291 gra·

59 2308 128 2373 nula
158 2309 373 2392 minoresque
403 2304 553 2371 valvulas
585 2306 672 2370 circa
693 2308 828 2370 ¹semina
858 2304 983 2371 nancta
1015 2307 1172 2385 habeant,
1221 2378 1224 2384 .

61 2433 125 2475 cnm
152 2416 271 2475 contra
303 2410 340 2472 in
367 2406 786 2493 septentrionalibus
816 2408 970 2473 vernoilli
997 2409 1173 2495 unpticres

60 2511 150 2589 liant,
181 2509 324 2600 granula
349 2511 571 2596 dispareant‚.
587 2509 647 2573 sed
670 2507 819 2576 salsulae
845 2509 997 2590 latiores,
1028 2513 1099 2577 sere
1124 2513 1175 2577 fo·

65 2613 178 2679 liaceee
203 2615 334 2705 semina
360 2615 484 2698 majora
508 2614 712 2689 contineant,
738 2613 820 2677 adeo
844 2627 880 2677 ut
899 2614 973 2678 loco
1000 2615 1175 2683 cerealium
1264 2608 1266 2617 ’

69 2710 244 2783 hominibus
268 2716 500 2799 nutrimentum
524 2713 683 2802 machere
699 2719 845 2801 possint.
898 2717 993 2782 Hauc
1016 2740 1087 2782 rem
1109 2730 1176 2783 tam

66 2819 269 2909 essentialem
288 2820 396 2905 ,etiam
417 2803 459 2885 ¹in
478 2818 704 2905 dispositione.
727 2828 761 2883 'et
786 2819 1031 2884 coordinatione
1050 2822 1177 2906 spacie-

64 2943 128 2987 mm
162 2922 404 2988 consideratam
436 2919 545 2998 volui,
579 2934 612 2983 et
634 2942 707 2985 cum
728 2943 826 3006 porro
855 2925 890 2986 in
916 2924 1088 3008 Lapponia
1108 2922 1177 2990 Ke-

62 3027 161 3090 mensi
195 3024 338 3090 viderim
367 3024 533 3112 quomodo
561 3019 602 3089 Β.
625 3026 844 3111 aquaticus
879 3023 927 3089 ibi
958 3028 1105 3117 undique·
1131 3044 1178 3090 ex

61 3151 142 3215 aqua
172 3126 351 3193 adscendat
387 3140 421 3192 et
451 3126 515 3193 hoc
544 3125 644 3192 modo
671 3124 892 3214 foliasscrispa
922 3130 1078 3215 accipiat,
1110 3147 1178 3191 non

61 3230 206 3295 dubitavi
238 3232 306 3317 ipsi
336 3226 439 3295 hanc
446 3226 582 3296 formam
613 3241 651 3293 ιιι
676 3230 866 3321 varietatem
893 3233 1012 3315 quasi
1009 3229 1090 3294 solo
1115 3231 1178 3294 sic-

62 3335 147 3403 ciore
184 3333 360 3426 crispatam
385 3329 548 3399 tribuere.
613 3322 732 3426 Hanc
745 3316 939 3396 varietatem
963 3333 1179 3423 progrediens

63 3455 176 3506 versus
201 3432 442 3530 meridionales
464 3437 620 3531 regiones
649 3430 806 3522 aplanta
826 3435 982 3525 primaria
1010 3424 1052 3535 se
1074 3434 1179 3520 magis

63 3552 227 3581 ..,...-.

144 3611 187 3664 ar.
232 3608 300 3661 Hoc,
321 3600 438 3678 quidem
455 3590 485 3660 ct
503 3582 636 3678 peccarim
655 3600 839 3660 interimunt
831 3626 857 3658 m
874 3598 1010 3675 gloriolam
1027 3598 1107 3675 primi
1127 3622 1178 3655 nc-

141 3698 279 3761 minatoria
303 3697 407 3765 culpant
424 3696 599 3760 mammes.
640 3696 733 3757 Fateor
755 3711 857 3762 quoquc
878 3710 921 3745 me
938 3690 1053 3744 naricam
1075 3692 1178 3757 ιηἰυιιιιε

143 3787 243 3839 nomm
267 3781 561 3841 atterentium
580 3783 769 3851 expressionem
791 3783 872 3848 magis
895 3798 972 3848 quam
993 3778 1175 3844 acceptorio-

109 3870 114 3895 ”
143 3875 198 3923 lam
227 3869 367 3933 ananiam
393 3889 426 3925 an
453 3872 569 3933 veroid
586 3870 671 3942 potius
691 3869 928 3936 nunnunquam
948 3866 1084 3945 stirpensis,
1107 3862 1177 3925 jndi-

141 3976 200 4014 cem
220 3956 396 4029 sapientiores.
694 3944 698 3953 '
