2542 4500
497 238 500 265 ι

481 296 642 345 ’ΒΑΤῙΟ
688 303 872 348 orsttts

232 484 269 551 ln
300 481 494 567 indagandis
522 481 760 571 vegetabilibus
792 484 915 550 Sre‘circ
943 500 1067 551 matare
1098 493 1239 576 comperi

129 588 259 683 Limnaei
286 584 417 673 Floram
439 586 509 650 fere
536 586 644 651 solnm
672 584 773 652 fidum
798 604 830 653 et
853 595 951 675 genio
979 592 1064 655 dicto
1087 596 1242 678 quodam*

129 690 227 757 modo
254 689 506 776 respondentem
531 694 682 755 comitem
708 713 800 768 esse,
833 695 905 779 qni,
933 715 996 780 qno
1022 684 1132 780 magis¹
1150 696 1243 760 stanti·

70 796 78 805 ''
129 796 223 860 liaris
248 806 281 857 et
306 795 444 877 perenni
471 814 533 858 usu
559 811 753 872 consuetus,
782 814 822 858 co
849 799 946 860 etiam
972 817 1075 883 usqne
1106 792 1147 861 ad
1172 817 1241 863 rer·

130 899 173 963 ba
208 895 339 984 singula
374 898 479 981 carior
511 900 583 962 erit.
650 897 738 962 Hinc
770 899 868 962 etiam
905 900 946 962 de
976 916 1062 965 nova
1098 898 1241 966 editione

131 996 239 1068 Flore
273 998 462 1065 Linnaeanae
486 999 622 1065 multum
652 1002 812 1087 cogitavi3
851 1002 910 1065 scd
938 1000 1066 1066 demum
1094 1004 1240 1068 consido·

128 1123 226 1183 rans,
261 1123 358 1190 quarn
391 1102 522 1168 diversa
553 1104 654 1169 facies
685 1108 884 1188 synonymiae
909 1124 1064 1169 successu
1089 1111 1241 1192 temporis

130 1209 216 1274 lacta
242 1220 348 1285 esset,
375 1218 408 1269 ct
432 1228 529 1293 quam
554 1207 656 1272 multa
680 1209 715 1271 in
733 1209 939 1271 institutione
963 1205 1039 1272 libri
1056 1213 1240 1274 necessario

131 1306 281 1395 addenda
312 1307 366 1374 vel
394 1312 548 1374 mutanda
578 1310 736 1388 luissent,
777 1324 810 1373 ct
838 1310 977 1396 deniqne
1009 1333 1105 1397 quam
1132 1335 1240 1397 parum

131 1409 317 1479 consultum
354 1409 434 1475 mihi
464 1413 566 1490 foret,
613 1412 733 1496 stylum
773 1414 845 1496 ejus
876 1411 1009 1478 brevem
1046 1426 1079 1477 et
1115 1418 1241 1481 concin-

130 1536 209 1581 num
234 1509 282 1578 ita
304 1516 435 1592 imitari,
459 1527 494 1578 ut
513 1529 621 1581 tamen
646 1515 734 1579 haud
757 1514 916 1580 obscurus
930 1514 1062 1595 fierem,
1076 1555 1127 1564 —-
1140 1521 1239 1605 magis

132 1618 333 1686 conveniens
366 1637 441 1681 esse
472 1621 597 1703 reperi,
630 1639 683 1682 me
710 1631 806 1702 post
838 1617 891 1698 vel
914 1620 1137 1685 secundum
1164 1622 1241 1686 Lin-

130 1742 239 1788 nrcum
272 1721 430 1786 editorem
463 1724 556 1808 quasi
587 1720 678 1785 florae
704 1741 816 1798 norae,
847 1721 964 1786 sedin
990 1724 1137 1807 ejusdem
1161 1723 1241 1788 flora

130 1825 284 1904 fundatae,
311 1819 469 1910 profiteri.
512 1823 586 1888 Hac
611 1823 708 1887 modo
737 1845 807 1888 rem
834 1827 939 1909 ipsam
964 1828 1085 1912 optime
1111 1829 1146 1890 in
1168 1829 1241 1894 titu-

129 1927 165 1995 lo
190 1949 385 2015 expressam
402 1928 544 2004 credidi,
568 1946 629 1991 nec
644 1940 750 1991 tamen
768 1929 981 1992 intermittere
998 1951 1138 2017 unquam
1152 1929 1241 1994 volui

131 2035 254 2118 optime
279 2031 488 2096 considerare
514 2043 547 2095 et
571 2032 606 2095 in
629 2051 725 2093 usum
744 2045 934 2095 contortere
955 2034 1081 2110 omnia,
1106 2054 1178 2120 quae
1203 2030 1240 2096 ab

130 2133 207 2201 eliis
231 2147 309 2222 post
331 2134 463 2199 Linnaei
485 2149 632 2218 tempora
655 2118 695 2196 ad
718 2154 788 2205 rem
809 2133 979 2212 facientia,
1005 2147 1160 2222 quantum
1184 2137 1242 2201 sci·

130 2260 201 2317 am,
231 2238 377 2325 praestita
403 2240 479 2302 sint.
531 2234 588 2301 Mc
611 2248 719 2299 autem
741 2235 1046 2303 Dernonstratorem
1070 2235 1242 2304 Botanices

130 2339 364 2430 Upsaliensem
389 2337 473 2405 hanc
498 2336 613 2431 floram
638 2342 760 2425 pariter
786 2361 823 2403 ac
848 2337 1078 2425 Upsaliensem
1102 2342 1240 2406 edidisse

130 2436 471 2522 animadvertendum,
511 2464 553 2507 ne
587 2444 667 2528 quis⁴
692 2438 769 2528 qaid
795 2456 984 2527 exspectet,
1017 2442 1094 2509 huic
1118 2445 1242 2511 muneri

61 2585 63 2590 ·
129 2549 240 2613 minus
272 2547 484 2611 conveniens.
544 2543 665 2630 Optari
694 2543 809 2609 floram
833 2549 983 2613 comitem
1007 2544 1243 2613 Commilitoni·

128 2649 193 2716 bus
222 2646 445 2737 dilectissimis
472 2661 638 2734 praestare,
667 2669 733 2713 non
759 2659 882 2713 tantam
908 2671 968 2734 per
992 2652 1161 2735 regionem
1179 2672 1245 2716 ma·

123 2754 224 2837 ¹tritae
253 2750 424 2819 classicam
447 2746 695 2851 Upsaliensem,
728 2772 841 2815 verum
869 2754 983 2828 etiarn,
1017 2775 1090 2818 cum
1116 2753 1247 2819 domum

130 2838 311 2943 redierint,
332 2875 393 2942 per
419 2866 521 2945 totam
542 2856 696 2941 patriam,
721 2854 818 2941 idque
844 2857 942 2920 etiam
966 2877 1007 2920 co
1033 2853 1174 2921 consilio
1202 2869 1247 2936 ut,

129 2961 168 3024 in
191 2958 422 3067 ‘cogtu‘tionem
455 2936 625 3024 meliorem
661 2959 694 3022 e't
724 2956 970 3044 completionem
1002 2957 1095 3022 almae
1124 2970 1249 3025 natura

121 3058 277 3148 ,patiire,
306 3062 438 3141 cornia,
471 3079 543 3148 quae
576 3074 694 3148 postea
725 3062 807 3145 ipsis
837 3061 908 3126 vise
932 3077 1046 3130 essent
1071 3073 1170 3150 atque
1198 3085 1251 3131 re·

120 3175 243 3261 perta,
271 3164 436 3250 particeps
462 3159 586 3229 fierem.
847 3222 850 3227 .

234 3263 282 3332 Ut
310 3287 352 3333 eo
377 3265 495 3332 melius
520 3263 596 3331 huic
624 3259 685 3332 fini
711 3266 887 3331 inserviret
916 3264 1003 3333 liber
1028 3290 1090 3334 nec
1113 3267 1251 3337 admini-

131 3369 216 3441 culis
240 3370 427 3458 peregrinis
452 3365 589 3436 multum
609 3368 783 3455 indigeret,
811 3392 831 3434 a
855 3370 1087 3458 terminolcgia
1105 3372 1250 3438 omnium

130 3475 303 3540 notissima
335 3485 369 3538 et
403 3469 596 3538 brevissima
621 3473 802 3541 Linnacana
826 3474 887 3539 vix
914 3473 1081 3567 discedere
1100 3494 1252 3563 -unqaan

131 3576 235 3642 volni.
287 3574 435 3642 Αιειιιιιιί
467 3588 592 3644 tantmn
624 3589 702 3647 sont
729 3580 861 3645 termini
877 3579 952 3668 ,vix
978 3564 1091 3649 minas
1117 3573 1252 3647 classici

127 3680 417 3747 ssatrtneriani
451 3677 590 3747 irucmm
625 3694 660 3746 et
695 3681 859 3771 praecipue
903 3685 1031 3751 semina
1064 3678 1251 3770 plantarum

130 3785 365 3871 respicientes,
391 3787 439 3848 ita
462 3797 581 3864 tamen,
603 3799 641 3851 at
661 3807 721 3851 eos
747 3785 910 3851 interdum
933 3787 1040 3873 magis
1061 3783 1102 3849 ad
1115 3788 1251 3873 genium

131 3882 254 3972 lingua
279 3881 424 3974 volgaris
450 3887 611 3983 simulque
630 3889 818 3958 Linnaeenae
837 3887 968 3981 ilectere
986 3886 1169 3967 studerem,
1192 3907 1249 3955 ox·
