2550 4492
132 195 202 245 xnn
403 164 736 243 cossracrus
788 194 994 272 naonis

133 392 164 449 ot
192 336 363 470 practerea
396 397 536 464 quoquot
559 389 627 447 tota
652 377 766 462 Lagae
790 378 882 462 regio
909 379 973 461 ipsi
997 375 1089 443 lacni
1115 377 1165 444 Ve

131 485 268 571 ejusque
290 482 376 564 parti
398 477 624 547 Smolandicae
644 482 744 546 arena
766 481 826 541 suti
845 476 973 547 volatili
995 478 1145 563 Elyma*
1184 562 1187 567 ¹

125 586 252 652 ,nario
279 584 366 651 tecta
391 594 457 650 tarn
477 579 617 666 analoga
641 593 710 658 est,
729 592 765 642 ut
793 583 851 651 vix
877 578 1010 651 dubium
1031 585 1086 660 sit,
1112 572 1183 657 licio

129 687 256 776 Lagam
300 684 437 748 Vettero
479 682 682 756 simillimum⁸
718 681 824 751 lacurn
854 682 1037 768 aliquando.
1058 686 1168 767 exsti‘
1208 730 1215 752 -.

131 810 269 874 eumque
307 787 419 854 forsan
454 798 530 855 tunc
571 786 608 854 in.
635 784 743 869 longe⁴
764 783 867 851 aliam>
888 785 1120 865 directionem,
1151 809 1169 874 q

131 892 233 976 Laga·
246 892 315 972 jam
338 901 458 965 servat,
484 885 556 954 scil,
577 887 745 959 meridiem
767 907 809 958 ne
834 887 940 960 dicam
960 890 1119 961 orientem
1132 912 1167 953 ve
1206 936 1215 948 ι

130 1015 191 1079 per
224 988 353 1076 Helge&
386 1012 422 1052 se
454 1002 681 1060 evacuantem.⁴
708 1025 760 1044 -ν-
793 988 969 1076 Postquam
995 995 1168 1083 sicvege¹

131 1117 208 1158 nem
239 1090 479 1160 occidentalem
518 1095 691 1177 cognitam,
718 1091 927 1162 reddidimus,
955 1106 994 1171 et·
1027 1093 1088 1157 illi>
1119 1109 1157 1188 qu

132 1198 362 1288 adscripsimus
396 1191 670 1265 Narthecium
703 1192 976 1279 ossifragam,
1017 1194 1184 1278 Conval,

130 1303 234 1364 riam
276 1296 596 1374 verticillatam,
645 1295 858 1382 Satyrium
894 1296 1160 1378 albidu·m„,s'

132 1425 195 1489 que
230 1401 426 1469 Gothiam
456 1419 604 1462 versus
638 1399 906 1474 occidentem,
934 1402 1179 1496 qsstdfflllmQ-(lst,

131 1508 307 1581 nevimus,
330 1502 543 1589 procedamus
571 1502 612 1572 ad
630 1499 728 1588 huius
752 1503 1054 1583 considerationem,
1064 1508 1152 1592 speci

237 1609 273 1692 3)
298 1603 452 1677 Gothia
484 1624 631 1673 versus
658 1604 921 1675 occidentem
956 1596 1215 1698 (lititb'uett'¹

132 1717 211 1776 mot
233 1693 384 1790 matter)
421 1726 521 1792 aquas
555 1727 632 1775 suas
661 1707 744 1769 mari
777 1704 975 1783 occidentali„
1001 1708 1157 1784 mittens,
1185 1702 1215 1767 ol

132 1821 240 1877 tamen
275 1795 465 1928 plerasque,
498 1811 596 1879 etiam
629 1831 649 1870 a
667 1807 828 1877 limitibus
852 1808 1089 1903 praecedentis
1104 1811 1215 1896 region

97 1980 99 1984 ¹
131 1909 340 1995 principalis,
379 1914 526 2003 primum
549 1913 585 1980 in
614 1910 722 1975 lacum
752 1932 846 1978 suum
870 1913 1050 1983 maximum
1075 1906 1215 1981 οειιιιιιΙβ

132 2009 270 2077 Venern
302 2013 446 2099 colligit,
481 2025 517 2080 ut
547 2015 652 2099 magis
687 2016 879 2097 conjunctae
910 2036 971 2098 per
996 2012 1120 2079 Gotha-
1121 1996 1215 2101 elle}

80 2128 85 2138 “
133 2128 220 2178 eant.
272 2114 336 2178 His
358 2119 451 2202 aquis
474 2118 627 2187 maximis
654 2115 717 2180 sibi
740 2117 942 2187 intermediis
968 2137 1098 2219 quoque
1119 2118 1155 2182 in

130 2219 257 2287 vincias
285 2218 432 2289 diversas
450 2231 632 2306 sequentes
660 2218 856 2290 subdivituu

240 2320 390 2392 Vestro
399 2334 471 2407 go
458 2301 586 2391 tlriam
614 2323 753 2405 primum
778 2320 893 2392 harum
921 2290 1155 2400 nominandam
1174 2340 1215 2385 est

132 2443 200 2492 uon
233 2421 434 2500 dubitamus,
476 2426 551 2510 quia
580 2419 814 2509 Ostrogothiae
844 2427 997 2508 opposita
1027 2428 1072 2494 sit
1095 2423 1135 2504 'et
1154 2443 1215 2499 orat

131 2526 275 2611 maxime
301 2525 441 2595 fertilem
468 2539 500 2596 et
528 2547 629 2611 aquas
656 2529 800 2591 minores
827 2548 846 2594 a
869 2528 1004 2599 meridie
1031 2528 1215 2627 excipiente]

91 2656 102 2682 ι
131 2602 222 2699 lactis
251 2625 387 2729 Veneta
410 2628 576 2696 constituit
603 2625 672 2710 (ubi
699 2626 874 2697 Genista
900 2630 1008 2700 tinet
1015 2630 1131 2725 oria),
1158 2629 1215 2713 dan

131 2752 195 2816 que
227 2720 343 2816 aquam
376 2732 448 2821 ejus
483 2750 611 2792 omnem
644 2729 685 2799 ad
706 2751 795 2796 mare
821 2732 925 2824 usque
952 2733 1104 2821 conducit
1128 2731 1215 2819 (ibiqr¹

131 2833 408 2919 Senecionem
446 2833 686 2918 aquaticum
731 2833 871 2923 recipit).
946 2833 1069 2919 Magna
1104 2849 1215 2899 cetera

129 2955 208 3020 pars
242 2937 329 3000 inter
361 2935 582 3004 Smolandiam
616 2946 648 2998 et
680 2933 890 3005 Hallandiam
915 2936 986 3000 fere
1005 2940 1134 3001 intrusa
1158 2936 1215 3008 hist

128 3037 309 3122 provinciis
335 3041 469 3102 nimium
490 3036 605 3103 similis
629 3049 679 3100 est
701 3037 862 3125 simulque
882 3036 1016 3110 nimium
1039 3035 1215 3109 macramo'

133 3137 327 3203 cidentalem
352 3143 592 3236 vegetationem
612 3138 721 3237 habet.
753 3139 867 3227 ‘Magis
891 3141 1060 3206 orientalis
1085 3145 1215 3239 ejuspta

131 3261 248 3310 versus
281 3241 421 3311 Vettern
457 3245 519 3311 sita
544 3242 612 3310 fere
637 3255 672 3305 ut
699 3241 887 3316 Sinolandia
915 3245 1023 3311 media
1046 3242 1215 3330 Laserpi

132 3345 233 3407 tium
277 3342 529 3421 latifolium,
575 3342 863 3412 Athamantem
894 3345 1139 3412 Libanoten
1172 3364 1215 3410 cor

132 3458 260 3524 servat,
285 3449 343 3519 sed
368 3445 471 3512 adhuc
495 3450 599 3532 magis
624 3449 792 3521 orientalis
818 3452 981 3536 vegetatio
1010 3466 1065 3514 ex.
1092 3471 1142 3536 gr·-
1171 3446 1215 3514 Mt

47 3556 49 3563 '
133 3545 318 3633 lampyro
342 3571 563 3619 nemoroso
588 3549 728 3632 indicata
749 3551 865 3617 nullibi
890 3550 1092 3618 observatur.

52 3649 53 3653 ’
236 3649 537 3721 Vermelandia
574 3652 742 3727 orientalis
777 3667 889 3740 utpote
918 3655 1077 3720 Sveoiac
1105 3671 1215 3740 pers

132 3756 332 3823 contermina
354 3776 482 3846 quoque
504 3767 655 3843 respectu
680 3760 895 3844 vegetationis
922 3759 963 3824 ad
988 3780 1059 3826 eam
1083 3756 1177 3829 valde
1195 3778 1215 3827 a*

1056 3898 1094 4007 ι
1175 3876 1179 3883 .
