2550 4492
300 220 634 314 'oortsraor‘os
687 238 841 313 aroris
1015 261 1129 313 xxxmr

73 448 255 539 morundo
290 451 438 539 ejusdam
472 454 565 539 quasi
597 451 684 517 delta
715 449 921 536 respicienda
950 450 1009 529 sit,
1053 476 1129 521 nam

73 558 127 621 'sue
144 554 189 620 iao
216 569 301 619 terra
332 555 446 620 forsan
469 552 588 618 insulis
613 553 761 618 Alandiae
784 557 890 640 magis
913 554 1028 618 similis
1048 557 1130 623 fuis.

74 671 116 721 ret
147 657 235 745 Regio
264 657 417 722 lacustris
446 658 581 722 inferior
613 655 818 722 Dalecarliae
854 658 951 720 etiam
983 659 1130 745 superbit

76 758 201 825 leonito
224 757 257 825 N
264 759 426 847 apello,
459 760 546 847 quod
571 762 743 845 regionum
767 757 994 825 australiorum
1016 765 1128 846 potius

73 873 131 947 man
155 862 449 948 septentrionalium
482 873 533 926 est
565 860 685 927 incola.
733 860 801 928 -sio
835 861 944 927 omnia
975 862 1056 929 haee
1089 884 1127 929 so

73 966 142 1029 tium
164 969 195 1030 in
216 968 347 1030 modum
369 966 540 1057 jungunt.x

132 1066 280 1133 Venirrrus
304 1087 435 1154 quoqne
459 1071 529 1152 jam
554 1069 734 1154 generatim
762 1067 804 1133 ad
826 1070 931 1155 magis
953 1068 1126 1155 complica·

73 1190 93 1234 rt
110 1170 390 1247 considerationes,
429 1166 485 1234 ubi
510 1170 690 1234 divisiones
716 1173 814 1235 etiam
839 1175 944 1256 magis
970 1173 1126 1259 multipli-

73 1293 93 1337 rs
109 1278 284 1339 necessario
306 1276 465 1336 oriuntur.
493 1267 599 1336 Nobis
614 1285 761 1338 naturam
776 1272 1006 1361 quaerentibus
1021 1279 1126 1362 magis

73 1379 179 1454 raverit,
206 1388 243 1440 ut
265 1376 444 1440 divisiones
469 1386 505 1438 et
528 1376 807 1440 denominationes
830 1378 1021 1464 antiquioris
1046 1399 1126 1463 geo·

73 1479 181 1566 uphiae,
204 1481 289 1544 sient
314 1500 369 1544 ex.
386 1500 435 1564 gr.
452 1479 489 1542 in
502 1474 690 1543 Tunelds
707 1477 793 1567 Geo
802 1477 952 1565 graphi
973 1482 1125 1565 proposi-

73 1602 266 1670 tseqnamur
280 1581 327 1664 (et
343 1583 373 1664 ej
378 1602 414 1645 us
429 1583 561 1657 rmnrina
576 1602 715 1646 svesana
729 1583 764 1644 in
780 1580 967 1665 parenthesi
981 1582 1124 1667 adpona-

73 1687 112 1770 m),
137 1705 235 1773 quam
255 1698 290 1747 ut
304 1686 544 1747 recentissimas
560 1685 792 1769 dispositiones
807 1686 982 1749 statistioas
997 1684 1124 1773 (quales

81 1786 309 1873 lljurbergs
331 1784 571 1872 Geograplri
591 1786 720 1872 adsunt)
735 1784 946 1872 arripiamus3
971 1806 1045 1850 uam
1059 1808 1124 1875 quo

73 1912 92 1954 re
118 1892 332 1978 antiquiores¹
354 1909 394 1952 eo
426 1891 523 1952 etiam
553 1892 740 1953 necessario
773 1902 908 1955 naturae
932 1892 1123 1981 propiores,
1234 1951 1237 1955 .

73 2016 91 2056 a
117 2013 275 2059 successu
306 1993 462 2078 temporis
494 2010 607 2057 omnes
635 1994 858 2057 institutiones
884 1989 998 2056 civiles
1018 1996 1124 2078 magis

74 2111 161 2161 entes
196 2106 372 2160 evaserunt
399 2095 481 2157 adeo
508 2106 543 2157 ut
571 2107 717 2158 naturae·
730 2090 851 2159 limites
875 2096 1122 2158 transscendere

73 2197 138 2264 ilius
162 2201 360 2284 potuissent·
412 2193 501 2272 Quin
534 2209 642 2260 autem
672 2197 777 2282 magis
805 2192 968 2260 naturales
995 2197 1123 2261 coordi-

74 2304 162 2366 iones
198 2304 235 2365 in
271 2298 385 2385 lingva
418 2311 451 2360 et
480 2297 624 2362 moribus
659 2297 838 2364 incolarum
867 2296 972 2362 adhue
995 2319 1122 2384 perma-

73 2416 93 2466 rt
128 2417 162 2468 et
205 2403 388 2466 diutissime
422 2399 674 2484 permanebunt,
723 2400 848 2465 nullum
887 2413 937 2464 est
972 2399 1121 2477 dubium
1169 2466 1173 2475 ,

73 2527 108 2570 no
131 2508 242 2593 itaque
271 2504 391 2579 eredat,
415 2522 477 2566 nos
495 2501 549 2569 hio
569 2505 688 2567 mortui
710 2502 787 2588 qtid
812 2505 1017 2568 resuscitare.

91 2634 97 2643 ’
116 2608 301 2673 Secundum
325 2604 405 2669 haec
431 2605 567 2684 indicia,
597 2605 672 2682 illa,
697 2627 779 2692 quae
798 2609 878 2691 jam
893 2610 1038 2692 sequitur
1054 2628 1120 2672 ma-

73 2726 118 2771 mn
137 2731 200 2794 pars
228 2710 336 2794 regni,
361 2706 514 2771 dividitur
538 2710 573 2772 in
596 2708 792 2773 LSveeia
815 2703 889 2795 per
907 2727 970 2785 se,
996 2709 1122 2773 2.Go·

73 2811 107 2874 iu
140 2831 284 2878 vorsus
318 2812 539 2888 orientem,
584 2813 618 2875 3.
641 2810 795 2876 Gothia
828 2828 975 2875 versus
1008 2815 1120 2877 oeci·

73 2927 169 2981 utem
199 2927 236 2978 et
266 2916 301 2978 4.
325 2911 651 2980 Gothia-versus
677 2915 904 2978 meridiem.
1166 2910 1170 2917 ’

114 3021 146 3106 l)
174 3018 328 3083 Sveoia
352 3024 425 3100 per
450 3035 493 3079 se
524 3015 806 3100 (emendant
835 3011 898 3105 iit
922 3012 975 3100 [ig
999 3014 1119 3099 sicli)

73 3143 107 3187 as
143 3142 224 3186 suas
255 3138 371 3182 omues
404 3119 439 3182 in
466 3138 555 3182 mare
585 3113 743 3181 orientale
776 3115 817 3178 ad
845 3111 1119 3194 stookholmiam

73 3247 83 3288 r
110 3228 213 3290 etiam
245 3233 398 3307 respectu
426 3240 581 3310 aquarum
614 3221 697 3282 siout
725 3221 988 3286 commereiarum
1015 3223 1121 3304 magis

73 3349 170 3413 guem
193 3346 291 3412 quam
309 3326 462 3410 regionis·
473 3324 636 3388 terrestris
655 3312 822 3403 eujusdam
842 3323 1013 3407 propriae,·
1028 3325 1127 3384 emit-'

84 3428 140 3494 ubi
165 3441 312 3495 ceterum
338 3425 379 3490 ob
405 3427 693 3513 regurgitntionem
720 3421 922 3488 subitaneam
944 3426 1043 3488 totius
1067 3442 1120 3506 sy·-

73 3535 152 3598 natis
187 3549 354 3617 aquarum·
374 3532 474 3592 maris
493 3522 670 3592 'orientalis
701 3543 799 3610 supra
821 3525 994 3591 indicatam
1021 3527 1118 3589 etiam

73 3648 127 3699 ant
160 3632 300 3718 plautae
327 3630 487 3723 litterales
505 3651 575 3713 ex.
605 3641 653 3715 gr.
685 3624 914 3694 Trifolium
941 3616 1118 3713 fragild-

73 3758 106 3812 u,
134 3735 191 3799 vel
219 3734 328 3800 saltim
351 3737 415 3798 oris
445 3735 611 3799 maritimis
638 3731 718 3796 silias
732 3734 932 3814 pertinentes
956 3743 991 3794 ut
1011 3727 1119 3793 Con·

73 3836 207 3905 lvulus
232 3839 411 3925 sepium,
441 3838 523 3903 adeo
551 3849 584 3900 ut
606 3836 679 3900 heio
704 3836 800 3898 etiam
824 3828 966 3899 eximius
986 3832 1118 3899 tonedr-
