2550 4492
285 258 629 305 CONSPECTUS
681 260 842 306 REGNI
1029 262 1127 313 ’ultr

67 457 104 520 rt,
124 464 189 507 nec
215 444 293 526 ejus
319 463 471 527 suprema
497 464 573 527 pars
595 439 790 507 Dalecarliac
811 448 910 507 etiam
927 448 1128 516 contermina
1187 496 1190 501 -

67 544 259 611 odissimilis
275 556 344 618 est3
361 545 420 608 sed
435 545 475 607 ad
488 547 614 608 exitum
622 543 765 609 fluminis
774 545 964 610 Klarelfven
978 549 1127 612 Linum

67 648 219 711 ,diolam
242 659 289 732 ‘et
313 646 390 713 dein
416 649 450 714 iu
475 644 631 734 Gilherga
656 646 904 716 Gentianam
928 645 1128 718 Pnevmc-

67 764 163 819 atem
190 751 399 832 reperimus,
426 770 505 834 quas
527 747 656 832 plantas
680 762 835 836 utrasque
861 763 898 813 ut
921 754 1043 815 exiruis
1074 774 1128 816 oo-

67 853 180 922 entales
214 849 388 919 habemus.
441 851 552 919 Lacus
584 850 719 917 Veneru
747 852 889 938 undique
914 855 1055 937 cingitur
1080 855 1129 918 E·

67 978 99 1019 ta
127 951 376 1031 Tetraiice,
419 973 501 1039 quae
536 972 603 1014 non
634 953 699 1019 nisi
724 956 821 1016 unico
847 956 989 1017 maxime
1017 958 1129 1040 singu.

67 1060 76 1127 i
102 1070 131 1127 ct
154 1055 322 1142 paludoso
349 1053 423 1122 looo
445 1056 545 1143 juxta
569 1052 668 1120 Porta
702 1054 742 1121 ud
768 1051 933 1124 Nericiam
955 1078 1060 1143 usque
1081 1059 1129 1122 di·

67 1182 122 1229 nsa
145 1180 221 1223 esse
247 1159 421 1242 reperitur.

111 1261 237 1330 Delia
260 1252 349 1327 latus
374 1280 467 1344 quam
491 1260 634 1327 maxime
660 1257 860 1326 occidentale
883 1258 974 1327 lacus
994 1258 1129 1330 Venern

67 1367 212 1433 rsfituens
253 1365 407 1446 primum
433 1359 528 1426 nobis
567 1358 608 1425 ab
638 1360 763 1429 oriente
797 1360 1004 1428 venientibus
1034 1364 1131 1427 offert

67 1465 353 1535 ¹edicularidern
384 1463 648 1545 sylvaticum.
702 1459 790 1526 Orae
823 1465 897 1546 ejus
921 1464 1069 1531 diversae
1096 1488 1130 1528 a*
1225 1506 1228 1513 ·

67 1564 363 1643 &Vennelandiffi
392 1563 638 1650 Vestrogothiae
665 1575 698 1627 et
722 1561 874 1643 Rahusiae
901 1563 1042 1645 druides,
1070 1587 1131 1632 nec

67 1681 168 1757 ponus
193 1671 323 1757 proprii
349 1668 426 1760 quid
448 1665 590 1735 habeant
615 1664 711 1741 nobis
741 1668 821 1733 satis
848 1681 1022 1758 expertum
1046 1682 1108 1734 est.
1213 1754 1217 1761 Ι

67 1808 70 1823 =
117 1771 322 1848 Bahusia‚
351 1791 544 1861 quamquam
566 1769 648 1837 mari
673 1790 770 1855 quarn
793 1772 938 1839 maxime
966 1774 1131 1854 exposita,

67 1882 126 1939 Ιιιι
150 1875 273 1963 pinetis
296 1895 365 1943 non
391 1884 605 1958 aequauerat
630 1891 668 1939 ao
693 1874 881 1955 provinciae
901 1875 970 1963 jam
984 1873 1132 1938 infrare·

67 1978 208 2055 tuendae.
275 1974 371 2045 Alias
407 1975 593 2043 adventitiis
633 1976 739 2059 magis
775 1996 878 2060 quam¹
904 1974 969 2045 sibi
999 1979 1132 2041 omnino

67 2082 160 2162 ruptiis
193 2077 319 2170 plantis
356 2076 575 2147 memorabilis
613 2095 687 2138 esse
722 2076 861 2146 videtur
921 2077 1026 2162 Sper
1030 2078 1134 2163 gula

67 2179 217 2247 obelata
252 2195 363 2251 turen
399 2178 472 2243 heiu
507 2181 612 2263 major
646 2191 678 2248 et
708 2177 909 2294 frequentior
938 2180 1052 2245 forsan
1082 2192 1134 2252 est

67 2304 118 2347 sarr
141 2288 175 2349 in
198 2285 267 2347 cris
296 2280 554 2375 sequentibus·
690 2340 695 2353 ,

122 2384 337 2474 )Gcth1a
359 2405 508 2453 versus
531 2384 743 2454 meridiem
763 2379 1032 2468 (dotianus
1055 2393 1135 2451 mot

67 2482 155 2575 intr)
170 2489 321 2556 dicuntur
344 2488 543 2572 provinciae,
570 2509 654 2573 quae
682 2499 778 2555 extra
801 2485 1022 2553 Smolandiam
1035 2508 1135 2574 supra

67 2585 286 2676 miiurcnnque
320 2587 486 2657 definitam
515 2593 598 2659 sitae
627 2602 720 2668 sunt,
754 2601 787 2657 et
815 2610 897 2675 quae
925 2602 1136 2655 extra-smo-

67 2687 261 2761 tndiuuainde
273 2694 387 2760 forsan
405 2694 467 2757 dici
483 2695 746 2776 potuissentm-
694 2691 961 2776 (Smolandia
976 2694 1047 2757 scil.
1062 2715 1135 2757 ver·

67 2810 95 2855 n
119 2791 172 2864 hun
196 2796 394 2914 provincias
426 2796 519 2880 quasi
553 2807 680 2880 tergum
716 2793 874 2872 obvertit,
918 2794 1016 2879 idque
1044 2796 1136 2878 jugis

67 2900 200 2976 annau,
234 2899 264 2960 si
293 2918 361 2961 non
386 2917 514 2981 semper
540 2895 710 2964 altitudine
738 2909 845 2965 tamen
871 2896 1096 2973 latitudine,
1086 2916 1137 2959 m-

67 2997 170 3083 uribus
193 3000 329 3069 atinde
355 3020 449 3085 qnam
475 3001 617 3066 maxima
641 3000 769 3073 macris,
798 2999 859 3060 vix
887 3000 952 3061 nisi
978 2997 1137 3063 culturam

67 3101 187 3172 scalis
222 3100 410 3171 vernalis
439 3100 520 3170 alias
555 3104 591 3165 in
618 3099 738 3167 Gothia
762 3099 831 3162 sere
854 3104 1000 3185 ignotam
1024 3101 1137 3164 admit-

67 3202 184 3281 tebas,
210 3207 440 3283 constitutum,
469 3205 551 3269 adeo
578 3216 705 3270 utnon
730 3202 847 3271 mirum
873 3202 946 3271 heic
975 3203 1138 3289 quondam

67 3327 108 3369 res
138 3308 242 3372 totius
275 3310 371 3394 regni
402 3309 529 3392 positos
552 3307 673 3383 finisse,
706 3327 806 3390 quare
831 3308 928 3369 ctiam
945 3295 1139 3390 'provincias

67 3408 356 3483 ttra-smclandicas
382 3407 509 3479 incolae
538 3413 683 3496 ipsarum
703 3428 823 3476 novam
845 3408 994 3472 Sveciam
1017 3409 1138 3473 dicunt.

67 3532 110 3574 ere
141 3512 231 3577 idem
263 3515 293 3582 si
318 3532 384 3580 non
412 3514 518 3599 majus
542 3512 715 3582 intercedit
740 3511 913 3577 discrimen
939 3512 1024 3583 inter
1046 3510 1140 3575 Smo·

68 3613 171 3678 odiam
192 3627 316 3700 atque
342 3612 401 3678 has
423 3617 607 3701 provincias
624 3615 818 3690 exteriores,
844 3635 939 3699 quam
953 3616 1039 3677 inter
1053 3615 1141 3697 Lap-

67 3717 385 3804 uniam‘reliquasque
398 3721 551 3804 regiones
564 3713 936 3787 lacustresNorrlandiae
952 3730 1075 3805 atque
1090 3736 1142 3779 re-

67 3816 147 3891 icnes
174 3821 346 3911 inferiores
366 3823 541 3893 maritimas
555 3819 748 3910 Bottnicas).
764 3854 814 3869 -
828 3820 1022 3887 Provinciae
1037 3819 1140 3887 diotae

161 3956 199 4033 ῃ
