2550 4492
216 304 220 311 ,
321 325 328 341 ,
388 260 544 328 narro
586 260 768 329 ortatu
1082 286 1138 332 ιιι

49 446 109 548 lun,
132 486 213 556 quae
246 486 389 562 semper
410 462 580 541 inclusive,
606 462 731 530 seilicet
749 456 974 531 'adnumeratis
988 463 1062 552 (neo
1077 485 1137 534 ox·
1178 496 1186 507 ¹

49 572 120 657 usis)
146 571 199 636 his
235 567 374 633 ultimis
405 568 604 654 provinciis,
637 565 753 632 saltem
780 567 867 657 quod
893 569 936 632 ad
958 568 1136 636 maximam

49 687 143 750 arten,
167 666 400 757 intelligenda
425 690 500 734 osse
519 688 699 733 monemus.
752 665 836 734 Cum
858 666 951 757 regio
978 662 1074 736 sain'
1089 672 1137 738 la-

94 779 174 838 'em
202 772 369 859 explicat,
398 769 482 835 fines
509 771 579 835 fere
606 771 721 836 eodem
745 768 843 836 modo
859 771 1032 859 designare
1044 773 1136 839 volui

90 900 135 964 gr.
160 899 180 940 a
201 877 338 970 Seania
354 862 613 959 adUplandiam
641 885 672 938 et
698 871 916 941 aGotlandia
940 874 982 939 ad
997 872 1136 945 Vestro·

94 983 163 1058 am,
190 981 241 1043 ita
268 991 307 1041 ut
332 997 445 1040 omnes
472 978 625 1062 regiones
649 974 786 1060 looaque
811 977 897 1040 intra
919 972 981 1041 hoo
995 979 1136 1063 spatium

103 1082 255 1146 ammudo·
280 1081 472 1166 quadratum
497 1080 561 1142 sita
582 1075 678 1140 simul
705 1075 957 1142 includerentur.
981 1098 984 1106 ·
1009 1074 1135 1145 Multae

83 1204 119 1246 nu
143 1183 280 1269 plantae
306 1184 342 1244 in
365 1178 555 1264 regionibus
583 1196 639 1243 ex.
662 1200 712 1264 gr.
737 1177 950 1243 orientalibus
976 1177 1133 1261 habitant,

114 1306 145 1348 m
174 1284 317 1348 limitem
353 1280 586 1347 occidentalem
623 1278 701 1345 tuno
731 1274 898 1346 delineare
932 1279 1041 1361 volui,
1076 1306 1132 1348 ex.

83 1382 179 1450 'hisce
209 1384 342 1449 verbis:
379 1407 399 1447 a
423 1383 542 1466 Soania
569 1381 611 1447 ad
634 1377 922 1470 Vestrogothiam,
949 1379 1132 1466 Noricam,

127 1490 261 1551 anniam
295 1499 329 1550 et
354 1482 565 1572 Uplandiam‚
604 1505 669 1574 quo
693 1485 871 1550 indicatum
895 1482 1004 1564 volui,
1039 1485 1133 1573 plan·

49 1654 54 1669 ¹,
121 1593 204 1654 intra
237 1589 326 1652 huno
360 1586 614 1675 qualemcunque
648 1584 888 1652 semicirculum
927 1587 982 1653 vel
1011 1587 1133 1656 lineam

49 1674 141 1765 ‚bnon
163 1706 200 1757 et
222 1711 315 1756 mare
337 1689 496 1754 orientale
525 1692 661 1775 ejusque
684 1688 810 1756 insulas
832 1681 1027 1756 Oelaudiatn
1052 1691 1133 1758 Got-

66 1874 69 1879 .
100 1796 107 1812 '
152 1817 217 1882 que
252 1794 288 1857 iu
311 1791 461 1856 omnibus
493 1792 674 1878 provinciis
706 1809 863 1858 erescere.
915 1791 1050 1858 Plantas
1075 1816 1132 1859 au·
1218 1855 1221 1862 .

62 1976 66 1985 Ι
116 1896 187 1981 (ex.·
214 1917 265 1982 gr.
298 1892 446 1960 Sedum
478 1893 628 1971 album,
670 1888 895 1959 Rhamnum
926 1895 1132 1961 catharti-

73 1999 130 2084 n)‚
154 2016 240 2085 quae
257 1998 302 2060 =iu
321 1992 443 2061 'inedia
469 1994 522 2060 his
549 1994 687 2086 aliisque
709 1994 899 2082 regionibus
915 2016 1010 2084 quam
1023 1992 1132 2065 maxi.

49 2084 74 2163 le
97 2097 309 2165 orientalibus
341 2098 624 2186 frequentissimae
650 2111 742 2176 sunt,
779 2120 799 2164 a
823 2098 942 2163 Soania
971 2119 1030 2188 per
1057 2120 1130 2168 eas-

49 2220 95 2266 en
118 2203 304 2288 provincias
334 2203 474 2288 primum
506 2218 695 2279 occurrere,
733 2201 809 2265 dein
834 2198 986 2269 desinere
1013 2220 1130 2268 versus

49 2304 231 2382 sannam
259 2321 390 2390 emgr·
417 2305 452 2366 in
480 2298 732 2388 Vestrogothia,
756 2301 946 2382 observavi,
973 2303 1033 2369 ubi
1053 2305 1130 2369 sub·

49 2402 261 2494 mdigendum
286 2418 347 2486 est,
375 2424 432 2470 eas
456 2404 553 2470 etiam
579 2422 725 2489 creseere
750 2407 785 2469 in
812 2402 1003 2491 regionibus
1028 2408 1130 2472 inter·
1224 2422 1230 2433 ’

49 2509 210 2587 arentibus,
257 2508 357 2595 idque
405 2526 445 2572 eo
483 2509 649 2593 copiosius
691 2506 746 2572 vel
782 2509 930 2593 parolusr
975 2527 1040 2596 quo
1078 2510 1128 2576 illi

49 2606 90 2668 ut
103 2608 171 2674 boio
191 2609 251 2676 lini
279 2614 346 2676 sint
362 2615 556 2696 propiores.
608 2607 685 2674 Alio
711 2606 808 2694 hujus
832 2614 941 2697 operis
967 2610 1042 2677 loco
1071 2627 1127 2678 ex·

49 2720 87 2788 gr.
102 2705 332 2779 iuLielrenis
354 2710 710 2781 haematommatls
728 2711 928 2781 habitatione
943 2704 1129 2779 definienda
1149 2756 1152 2764 ·
1199 2744 1204 2755 ·

76 2830 154 2878 nsum
173 2813 278 2881 lorran
302 2817 438 2880 nimium
458 2810 600 2880 breviter
619 2816 780 2901 expressi,
803 2817 848 2879 ita
862 2816 935 2879 fere·
945 2812 999 2880 hio
1014 2830 1128 2881 exem-

74 2912 165 2980 ‘looo
180 2916 184 2925 '
197 2919 284 2983 intra
311 2916 526 3006 parentheses
558 2915 790 3002 supplendumt
828 2917 870 2981 ad
893 2914 1005 2983 littora
1028 2917 1128 2983 muris
1201 2964 1208 2973 ,

130 3021 291 3085 orientalis
333 3038 437 3107 usque
452 3030 489 3084 ·'a
518 3016 733 3105 Norrkiiping
767 3018 840 3103 (per
872 3033 1001 3085 omnem
1037 3037 1128 3087 oram

78 3121 149 3185 oriae
178 3121 423 3201 meridionalis,
460 3124 501 3188 ad
525 3121 675 3188 Seaniam
699 3120 818 3209 arque)
851 3131 919 3187 tum
945 3123 1127 3189 occidenta-

93 3220 154 3306 (per
176 3224 407 3303 Hallandiam‚
443 3222 713 3312 Vestrogotlriam
738 3218 991 3314 Bahusiamque)
1022 3244 1128 3311 usquo

91 3320 322 3393 Nordlaudiam'
342 3325 529 3413 Norvogiae
556 3329 652 3412 (intra
671 3342 760 3391 mara
778 3319 1034 3411 septentrionale
1055 3329 1127 3391 sive

94 3426 102 3442 ⁴
131 3432 301 3517 esitam);
328 3444 472 3497 ceterum
497 3428 617 3494 sterilis
641 3428 793 3517 (ubique,
816 3447 877 3508 neo
902 3428 1033 3513 fertilis)
1060 3429 1128 3493 nisi
1217 3453 1228 3474 ι

85 3542 144 3594 cote
177 3545 240 3598 eto.
294 3531 370 3620 Nisi
393 3524 529 3598 Lectori
556 3526 723 3597 Benevolo'
753 3548 886 3595 sensum
911 3532 1064 3597 auctoris
1080 3532 1128 3592 ita
1222 3590 1236 3611 s

49 3634 188 3699 bvnndum
225 3635 295 3701 loci
324 3639 477 3725 geniique
510 3635 731 3709 diversitatem
765 3631 919 3717 supplere
953 3646 986 3698 et
1010 3647 1127 3696 eruere

49 3723 188 3817 benedt,
232 3740 342 3829 omnis
377 3739 449 3807 lero
476 3735 571 3803 labor
608 3739 644 3802 iu
673 3736 734 3803 hac
763 3755 800 3799 ra
829 3736 941 3800 irritus
970 3727 1044 3798 erit.
1074 3765 1127 3782 u-

49 3824 113 3904 lline
142 3839 279 3928 plautae
312 3851 374 3928 per
397 3842 504 3906 varias
530 3841 721 3928 provineias
739 3838 846 3902 rarius
875 3838 1043 3923 dispersae
1071 3855 1153 3901 or·-
