2550 4492
116 235 176 289 xrs
484 213 641 287 barro
681 230 865 281 orrens

116 454 270 527 separare
296 420 500 515 observavi,
517 417 622 525 usque
647 430 787 503 domii
813 437 980 523 crispus
1005 429 1267 543 ibidemque

116 565 180 629 que
217 539 515 606 occurrendum
557 539 611 605 his
651 538 967 606 considerationibus
1002 496 1267 646 geographicis:

115 636 212 710 valde
237 641 317 707 mihi
346 660 529 730 repugnare
553 642 700 722 videtur,
734 642 866 706 credere
889 641 981 707 illam
1007 643 1145 708 formam
1171 649 1267 735 cri

71 803 72 807 ,
116 742 243 834 spatam
275 744 315 808 Rs
342 745 546 833 aquatici,
577 761 624 811 ex
643 742 954 832 septentrionalibus
979 745 1228 817 descendentem
1262 806 1265 811 .

45 856 48 863 '
115 861 153 915 et¹
173 850 260 912 notis
287 851 519 933 septentrionis
546 849 742 933 praeditam,
768 850 878 935 potius
908 863 979 912 cnm
1002 845 1041 912 R.
1068 852 1227 935 crispo,
1263 832 1267 842 ¹

116 970 168 1016 ex·
190 949 438 1016 australioribus
472 951 690 1016 adscendente
719 963 757 1015 “et
782 947 970 1016 Rumicibus
997 949 1095 1035 hujus
1121 955 1228 1039 regio«
1264 1022 1267 1031 ¹

114 1056 167 1119 nis
194 1053 299 1138 magis
331 1055 562 1132 conveniente,
597 1053 725 1118 affinem
754 1074 845 1131 esse,
881 1056 932 1117 cui
966 1056 1160 1118 sententiae
1173 1053 1262 1118 oto-³

113 1159 202 1221 riam
233 1155 283 1219 ire
317 1154 425 1233 volui,
457 1176 528 1220 cum
556 1177 628 1220 eam
656 1157 749 1244 quasi
776 1173 854 1220 casu
881 1145 1108 1241 crispatam
1137 1157 1226 1234 dixi,

114 1272 151 1324 ut
181 1279 222 1323 eo
247 1254 368 1324 'melius
394 1259 646 1344 distingueretur
677 1256 760 1322 aR.
784 1260 926 1343 crispo
951 1276 1060 1343 vero,
1080 1280 1144 1346 qua
1171 1253 1227 1322 tali

112 1381 174 1449 per
204 1382 241 1424 se
274 1359 416 1426 velena
447 1362 552 1446 ipsius
582 1373 699 1425 natura
725 1380 853 1445 semper
877 1362 1071 1424 exsistente.
1125 1359 1240 1425 Tales*

23 1471 25 1474 ⁴
113 1464 392 1530 considerationes
406 1474 439 1525 et
452 1463 733 1526 denominationes
749 1461 820 1545 (ex.
810 1483 873 1548 ..gr
865 1463 1102 1548 .rnagnitudini
1115 1461 1228 1527 valvu

111 1547 218 1632 larum
242 1579 302 1630 etc.
329 1565 406 1651 plus
429 1586 523 1650 quam
545 1567 705 1650 crispatae
718 1562 842 1628 formae
855 1563 1008 1628 soliorum
1022 1562 1225 1652 tribuentes),

111 1668 208 1744 valde
226 1666 378 1732 absonae
404 1667 585 1745 videantur,
611 1686 748 1731 necesse
769 1680 829 1746 est,
855 1669 909 1744 iis,
936 1669 1001 1753 qui,
1025 1664 1225 1732 observatio
1242 1686 1246 1697 ’

112 1770 209 1837 nibus
234 1773 304 1854 jam
332 1771 475 1833 recitatis
506 1790 573 1834 non
600 1770 845 1856 praepararit),
878 1767 961 1832 nihil
986 1767 1092 1833 simile
1117 1785 1225 1834 mente

29 1866 32 1873 ’
110 1875 324 1961 persentiunt.
382 1870 483 1936 Aliud
513 1870 700 1956 exemplum
735 1872 1009 1949 coordinationis,
1044 1883 1081 1934 ut
1105 1875 1163 1937 ita*
1179 1874 1224 1936 die

111 1998 199 2054 carn,
239 1973 477 2061 geographicae
510 1972 713 2059 praebebunt
738 1971 929 2052 Circaeae,··
956 1989 1100 2060 quarum.
1122 1976 1225 2040 forme

65 2141 67 2144 ,
109 2078 302 2145 intermedia
329 2077 424 2152 dicta,
448 2077 483 2138 in
505 2076 623 2141 Scania
644 2094 748 2161 prope
772 2074 810 2141 C·
824 2075 1073 2154 lutetianam
1096 2079 1225 2142 itaer-re

112 2183 191 2258 soit,
221 2194 258 2244 ut
284 2201 364 2247 eam¹
384 2177 482 2262 hujus
507 2179 804 2264 degenerationem,
829 2182 865 2242 in
885 2177 968 2243 locis
986 2177 1224 2244 horridioribus

110 2279 239 2349 inferne
264 2284 369 2367 magis
392 2278 632 2358 luxuriantem,
664 2300 805 2366 superne
831 2300 930 2359 vero,
957 2297 1111 2369 quantum
1137 2284 1224 2363 vidi,

69 2461 74 2481 ¹
112 2383 497 2471 semperebortientom,
524 2404 598 2446 esse
624 2402 691 2445 non
718 2381 941 2461 dubitaverim,
965 2406 1048 2471 quae
1065 2385 1225 2450 deforme

110 2475 157 2553 ito
197 2488 272 2551 dein
308 2505 423 2548 versus
463 2486 717 2570 septentrionem*
751 2488 849 2550 etiam
882 2489 990 2550 nrinus
1022 2508 1121 2573 quam
1151 2490 1220 2573 ipsa

109 2589 320 2656 lutetiana
346 2587 524 2674 procedere
545 2598 671 2673 potest,
702 2607 764 2650 nec
790 2590 899 2675 itaque
931 2587 999 2652 ullo
1029 2590 1129 2653 modo
1152 2600 1223 2654 cum

111 2691 151 2758 C.
165 2691 323 2778 alpina,
346 2689 629 2755 fructificationem
654 2689 823 2755 diversam.
841 2711 945 2780 usque
965 2693 1001 2755 in
1014 2692 1223 2779 Lapponianr

108 2797 309 2885 producente
343 2814 405 2858 nec
438 2791 642 2871 abortiente,
671 2795 852 2881 comparari
880 2805 991 2881 potest
1017 2795 1080 2884 “b
1138 2793 1247 2861 Fure-

101 2998 108 3005 *
150 3013 281 3093 *iconi
305 3018 478 3075 recensionem
504 3007 536 3075 iri
558 3011 593 3075 V
587 3019 624 3074 et.
642 3006 700 3073 Ἀθ.
722 2989 953 3076 Arebercittetre
979 3008 1070 3073 1895.
1095 3000 1129 3090 jt
1148 3008 1243 3092 'Sati

193 3110 292 3164 Verum
312 3109 417 3177 quidem
434 3123 486 3172 eet,
503 3109 568 3160 hanc
580 3108 726 3160 varietatem
736 3107 798 3157 locis
810 3109 950 3160 sterneretis
961 3119 986 3157 et
995 3107 1146 3158 mmeotatte
1157 3110 1225 3161 enon

192 3198 292 3248 stabula
310 3195 439 3264 pecudum
458 3194 606 3263 praesertim
627 3193 743 3260 gaudere,
766 3194 825 3261 quia
840 3194 877 3244 ibi
891 3213 933 3245 no
936 3195 1042 3275 siccitati
1053 3194 1224 3261 pridemnu-

151 3330 154 3337 .
190 3286 275 3336 nimae
297 3283 475 3360 expetierit,
501 3278 593 3333 sedin
610 3281 755 3347 regionibtu
774 3281 872 3346 magis
869 3281 950 3340 crime
970 3299 986 3331 a
1001 3279 1121 3338 domibus
1132 3282 1221 3335 δοιιιί-

190 3389 255 3441 num
280 3367 356 3438 longe
385 3370 469 3432 abest,
502 3381 527 3419 et
544 3369 613 3428 hanc
632 3360 666 3418 ob
689 3384 791 3419 cautam
813 3378 908 3443 nomem
930 3356 1064 3418 domestici
1083 3360 1154 3419 miii
1168 3383 1220 3421 nott

89 3440 92 3447 Ι
189 3461 282 3537 placet·
323 3452 470 3509 Domestica
491 3447 609 3506 dicuntur
628 3448 790 3521 regetobssii,
820 3462 884 3521 qiiae
907 3445 940 3504 ad
959 3446 1064 3504 domos
1071 3450 1221 3541 praesertim

168 3546 222 3601 in
237 3561 323 3600 escam
339 3545 475 3597 homiuum
496 3544 612 3608 aluntur,
631 3559 683 3611 quo
701 3542 766 3612 nihil
762 3540 851 3621 ιδ
832 3541 879 3594 bac
892 3539 971 3627 herba
982 3543 1063 3609 magis
1074 3532 1202 3598 minuc

139 3663 199 3744 *'')
222 3677 276 3730 Nec
296 3691 381 3730 nostra
402 3680 432 3732 C.
449 3677 677 3732 intermedia
695 3672 842 3734 narsitem
839 3679 931 3732 ulium
950 3681 1025 3730 intet-
1035 3676 1130 3745 specte
1152 3679 1221 3729 Lin-·

119 3792 124 3801 ·
190 3780 297 3817 maranae
324 3767 442 3818 Circaeae
464 3775 581 3831 testetur,
593 3760 598 3775 “
612 3780 641 3840 ιιι
664 3768 726 3820 inde
747 3767 915 3822 smuceo‘ct
934 3767 1078 3833 alpinae
1091 3759 1222 3836 probetur

188 3850 254 3943 ¹sieut
273 3850 403 3924 proposita
426 3855 454 3906 in
477 3840 631 3930 Sprengtl
649 3845 722 3960 appel,
741 3861 810 3933 veg-
833 3866 858 3908 ι.
875 3865 907 3928 p.
929 3844 978 3926 69.
