2550 4492
415 269 566 316 ΒΑΉΟ
603 270 781 315 OPERI!
915 265 919 277 '
1101 266 1160 321 ΧΠ

77 479 146 522 sse.
200 455 284 521 Nec
320 477 454 519 menses
487 452 732 519 Celenderii
764 446 911 521 Florae
950 478 1011 542 pro
1041 457 1159 524 Svecia

77 563 145 631 edia
165 585 186 626 a
205 563 360 624 Linnteo
390 572 456 622 tani
479 556 562 622 bene
585 544 751 622 constituti
773 580 832 642 per
852 571 955 623 totum
969 559 1087 625 Florae
1102 583 1160 625 no·

77 678 131 729 use
147 685 291 752 regnum
315 660 441 747 ubique
465 659 576 724 vulere
591 673 745 743 possunt:
774 682 847 728 nam
864 683 919 729 ex.
911 684 982 751 .gr.
974 663 1112 730 ‚secali
1128 679 1162 731 et

77 762 161 845 bitur
190 781 225 830 et
253 767 391 829 metitur
416 766 451 827 in
473 759 740 827 meridionalibus
768 766 946 847 provinciis
973 765 1072 852 longe
1095 768 1161 833 nlio

92 938 97 947 ¹
143 879 346 952 erespectu
383 868 599 951 vegetationis
633 867 732 928 totius
758 887 854 951 quam
879 869 914 931 in
937 872 1081 935 maxime
1110 893 1163 935 se·

116 969 334 1034 otrionalibus.
387 967 458 1032 Has
486 968 527 1031 ob
543 974 657 1032 causas
671 968 710 1031 ad
726 966 844 1055 ubique
857 968 1030 1035 valiturum
1045 971 1164 1037 Calen-

121 1074 176 1136 ‘um
199 1073 325 1137 Florae
350 1072 602 1134 construendum
628 1068 710 1135 nihil
732 1092 905 1156 superesse
930 1075 1069 1152 videtur,
1098 1078 1164 1139 nisi

124 1176 236 1260 plantas
264 1175 439 1259 indigenas
467 1173 548 1236 alias
574 1195 646 1236 curn
672 1172 745 1236 aliis
768 1165 1038 1260 compararemus.
1090 1177 1165 1241 Hoc

191 1267 321 1342 vix'in
348 1274 521 1339 itineribus
549 1288 618 1338 tuto
642 1273 716 1338 fieri
741 1289 866 1361 potest;
893 1298 1008 1344 vemm
1035 1301 1090 1344 ex.
1115 1302 1164 1366 gr.

129 1381 286 1445 sudarium
312 1379 431 1443 Florae
459 1380 670 1464 Lapponicae
694 1398 761 1441 non
789 1381 853 1444 nisi
879 1382 1081 1469 aLappone
1106 1405 1166 1447 ex-

187 1486 274 1548 dum.
328 1480 482 1545 Ceterum
511 1503 575 1568 quo
605 1483 709 1565 magis
744 1479 790 1544 ihi
819 1480 958 1548 florendi
989 1496 1115 1568 tempus
1146 1507 1167 1547 a

162 1587 300 1673 soloque
336 1584 475 1670 pendet,
519 1604 559 1646 eo
592 1587 696 1668 magis
723 1584 809 1648 idem
834 1587 896 1648 erit
921 1588 1098 1665 incertum,
1134 1601 1206 1651 et·

77 1684 242 1754 demota
273 1692 449 1764 incertum,
485 1698 522 1751 ut
552 1687 623 1769 ejus
654 1686 877 1752 determinatio
910 1687 1040 1756 Floram
1067 1712 1166 1775 gene·
1244 1764 1247 1770 ¹

77 1780 162 1859 lr'rlen
190 1795 252 1855 vix
282 1810 517 1877 unquamp'ro
549 1801 638 1852 certo
667 1790 797 1873 ingredi
820 1793 936 1874 possit.
988 1791 1052 1856 His
1079 1796 1166 1858 simi·
1215 1816 1218 1823 ’

77 1882 207 1980 {osque
231 1893 413 1959 rationibus
437 1892 593 1955 adductus
616 1890 731 1953 melius
749 1892 888 1969 credidi,
914 1892 1095 1978 plantarum
1113 1918 1168 1958 ae·
1219 1936 1227 1943 -

77 1996 223 2060 nivalium
250 1995 392 2059 florendi
423 2006 549 2079 tempus
574 1997 739 2069 omittere,
770 2015 864 2079 quam
888 2018 1018 2061 menses
1045 2011 1105 2080 etc.
1132 2001 1167 2061 in

77 2096 465 2185 FloraUpsalieusi
502 2096 595 2159 datos
633 2088 821 2184 hic'inepte
856 2115 1013 2182 repetere.
1072 2098 1169 2171 Adsi.

77 2203 163 2288 'gnari
184 2214 308 2267 tantum
335 2212 462 2285 tempus
487 2199 625 2266 florendi
646 2198 828 2284 plantarum
852 2199 1032 2268 vernalium
1056 2215 1089 2266 et
1113 2225 1170 2266 au·

77 2301 266 2380 tunmlium3
297 2303 440 2391 reliquas
462 2315 569 2365 autem
590 2299 729 2388 plantas
756 2323 890 2391 quarum
913 2316 1039 2389 tempus
1052 2303 1170 2370 floren·

82 2404 241 2484 dionisi,
276 2407 354 2490 quia
386 2404 427 2468 oh
457 2427 571 2468 causas
598 2407 669 2488 jam
697 2405 789 2468 datas
820 2404 904 2469 bene
935 2403 1071 2469 definire
1104 2428 1172 2471 non

80 2512 174 2591 potui,
207 2507 385 2572 aestivales
418 2527 492 2570 esse
517 2510 598 2575 sciat
620 2508 742 2573 Lector
765 2504 902 2574 ulterius
926 2506 979 2572 hic
1003 2531 1069 2577 non
1096 2508 1172 2576 sub-

92 2608 261 2680 dividendus.

176 2711 234 2776 llis
258 2716 442 2802 generatim
461 2694 675 2800 *Praemissis‚
710 2735 816 2800 nequo
841 2728 967 2800 tempus
992 2737 1097 2801 neque
1123 2716 1173 2780 lo·

90 2835 137 2878 rus
163 2831 321 2902 superest,
359 2836 465 2902 neque
500 2815 611 2878 forsan
642 2815 710 2881 ulla
739 2821 917 2879 necessitas
950 2819 1104 2902 requirit,
1138 2832 1175 2881 ut

78 2916 192 3002 ‘plautas
230 2918 429 3008 specialibus
463 2920 700 2984 commentariis
733 2918 931 2986 illustremus
952 2921 990 3010 i).
1043 2919 1109 2985 Sed
1133 2921 1187 2987 de'

77 3122 82 3163 p
120 3139 140 3215 ¹)
162 3145 283 3200 Attamen
312 3149 339 3198 in
365 3148 570 3216 praecedentibus
598 3149 737 3215 generatim
763 3149 871 3204 rationes
896 3147 1002 3202 reddere
1020 3146 1105 3202 forsan
1126 3146 1175 3218 de-

77 3240 81 3265 '¹
150 3236 277 3297 bnissem,
308 3252 385 3302 qrrare
412 3237 525 3304 partibus
544 3235 696 3304 quibusdam
720 3235 752 3290 ad
770 3226 1072 3305 species'distingveadas
1089 3236 1174 3287 minin

77 3330 82 3357 r
151 3324 284 3374 ethanim
308 3340 387 3389 qulam
407 3325 521 3391 plerique
542 3325 663 3376 Botanici.
692 3324 740 3375 Ex.
750 3339 788 3388 gv.
802 3322 988 3388 longitudinem
998 3322 1141 3390 petalorum
1151 3332 1176 3371 et
1266 3347 1267 3350 ¹

78 3440 82 3447 ·
154 3409 357 3476 magnitudinem
380 3413 489 3465 corollae
510 3412 538 3463 in
556 3411 643 3461 multis
661 3411 789 3478 speciebus
811 3410 883 3482 parvi
903 3408 1028 3461 momenti
1046 3425 1099 3459 esre
1119 3426 1176 3458 cre-

154 3496 222 3559 didi,
246 3497 308 3563 qnia
329 3497 458 3551 observavi
479 3499 543 3549 benc
561 3512 660 3566 partem
679 3498 706 3550 iu
726 3511 779 3551 tota
797 3496 987 3550 fructificatione
1008 3495 1123 3545 oninium
1135 3494 1176 3545 fa-

157 3585 251 3634 cillime
273 3585 376 3635 mutari.
405 3585 454 3635 Pro
464 3585 554 3650 majori
563 3586 686 3639 minorive
696 3586 747 3636 sive
759 3585 906 3637 succositato
919 3584 971 3634 sive
981 3582 1089 3632 siccitate
1099 3584 1176 3648 plan·

158 3683 195 3720 tae
215 3689 245 3721 ea
262 3672 306 3721 vel
326 3672 408 3736 magis
427 3675 576 3738 elongantur·
595 3673 636 3723 vel
650 3673 756 3739 denique
769 3670 873 3723 omnino
887 3667 1041 3722 clandestina
1051 3670 1114 3718 fiunt
1126 3665 1176 3732 (ex.

156 3774 192 3822 gr·
207 3759 308 3817 Violae,
331 3755 514 3824 Cardamines).
541 3759 606 3810 Hinc
624 3761 718 3826 species
740 3759 881 3823 Malvae,
900 3756 1042 3809 Geranii
1066 3767 1113 3805 etc.
1133 3770 1176 3802 se·-

157 3845 270 3898 cuudum
292 3845 359 3896 banc
379 3859 465 3898 notam
487 3847 637 3914 distingvere
656 3846 737 3900 uolui.
778 3847 866 3920 Neque
888 3840 1097 3916 Myosotidis
1115 3853 1176 3904 spt-
