2550 4492
72 227 221 288 [XXVlll
403 221 738 269 couseecrth
791 219 945 266 REGNI

116 411 227 486 herbis
252 409 368 486 salsis,
394 405 607 493 Atriplicibus
634 400 712 480 etc}
743 426 804 468 nec
827 428 942 491 parum
966 403 1116 489 ejusdem
1140 402 1218 468 ind*

115 514 158 579 lis
185 527 235 578 est
262 515 402 598 spatium
426 509 509 573 illud
533 511 637 592 magis
666 521 813 593 apertum
836 529 940 595 usque
966 508 1008 571 ad
1031 506 1218 571 Bornholm

42 642 44 646 “
76 630 81 638 “
116 617 372 683 Arundinem
403 610 601 675 balticam
634 607 789 676 efficiens.
841 609 875 695 b)
905 609 1011 696 Supra
1034 608 1119 673 hanc
1144 613 1218 674 insu

42 788 49 801 δ
116 720 223 801 tamt)
255 713 333 779 vbro
360 736 464 798 usque
494 715 535 776 ad
556 712 762 777 Gotlandiam
786 711 946 776 latissima
968 725 1057 797 patet
1083 735 1161 797 pars
1182 726 1218 776 to

117 825 183 887 tius
215 821 315 882 maris
340 813 527 892 orientalis,
561 828 673 900 utpote
699 837 782 900 quae
814 813 1014 879 aBornssia
1038 819 1218 898 praesertin

117 928 154 991 in
186 925 293 985 sinum
320 918 430 994 illum,
466 920 551 981 inter
576 918 726 980 Scaniam
751 916 942 982 orientalem
967 931 1000 980 et
1024 915 1218 1003 Blckingiclt

123 1027 344 1099 efformatum,
383 1032 471 1082 tanto
504 1023 626 1103 impetu
654 1021 735 1096 ruit,
774 1032 809 1082 ut
838 1019 884 1085 ibi
911 1022 951 1083 ad
977 1022 1103 1107 exitum
1128 1017 1218 1084 ilumi

119 1133 173 1195 nis
203 1121 332 1210 Helgeai
358 1123 493 1188 maximi
523 1118 662 1184 evadant
683 1134 811 1185 montes
834 1136 1004 1208 syrtesquc
1030 1144 1151 1186 arenae
1175 1141 1218 1185 vo

120 1228 235 1298 latilis'
252 1230 351 1290 totius
386 1225 479 1309 regni
511 1224 648 1301 Florae,
687 1245 768 1309 quos
804 1238 910 1288 tamen
944 1223 985 1289 ob
1014 1222 1157 1289 calorem
1184 1229 1218 1289 ln·

121 1335 249 1418 signem
283 1331 473 1391 interiorem
504 1347 623 1389 arenae
656 1329 737 1388 mire
769 1325 946 1419 laetificant
976 1325 1218 1413 Astragalut

68 1447 73 1463 '
122 1428 364 1508 arcuerim,
387 1425 595 1492 Diantlrus
616 1431 859 1506 arenarius,
884 1424 1156 1514 anthericum
1170 1432 1218 1494 Lt

52 1565 61 1610 ·,
120 1536 256 1620 lingo,
296 1531 494 1608 Phalaris
528 1520 721 1594 arenaria
754 1545 814 1594 etc.
867 1532 906 1596 In
932 1535 1046 1596 intimo
1071 1532 1134 1596 hoc
1162 1537 1218 1596 sim

123 1635 330 1704 Sonohum
353 1633 585 1721 palustrem
609 1635 702 1719 quasi
726 1655 770 1698 ex
794 1637 888 1698 ostiis
907 1633 1022 1699 Viadri
1041 1639 1218 1720 provenien

124 1755 190 1808 tem
216 1739 349 1813 adesse,
374 1733 583 1800 memorabile
606 1748 697 1821 puto.
749 1738 779 1822 c)
807 1735 877 1801 Nec
901 1740 1059 1801 minorem
1080 1741 1218 1822 impetun

44 1907 45 1911 ,
125 1840 255 1908 efficere
293 1841 421 1917 videtur
457 1824 564 1914 utare,
604 1840 690 1924 quod
712 1834 881 1904 ¹orientale
915 1842 1065 1924 superius
1106 1842 1160 1923 (ad
1187 1841 1218 1902 di

70 1928 83 1978 .'
128 1939 336 2011 stinctionem
370 1965 390 2004 a
417 1941 630 2026 praecedente
655 1941 814 2028 inferiori)
833 1941 894 2005 ·vcl
919 1946 1014 2006 etiam
1040 1953 1218 2029 supra-got

124 2036 290 2119 landioum
323 2044 429 2107 dicere
463 2041 600 2119 vellem,
639 2065 659 2106 a
691 2043 771 2107 Sino
803 2045 947 2109 Fennico
979 2044 1172 2130 longissimo
1198 2065 1218 2106 o

33 2183 36 2187 ⁴
90 2233 93 2239 Ι
125 2152 249 2215 mnium
277 2149 395 2210 itinere
422 2146 525 2208 undas
550 2144 700 2208 adferens
728 2160 759 2209 ct
786 2142 826 2211 ad
850 2147 1003 2238 scopulos
1029 2146 1218 2234 Ostrogothi·

127 2273 184 2318 cos
208 2251 382 2335 frangam,
413 2242 494 2311 adco
519 2260 555 2310 ut
579 2245 690 2332 pluvia
717 2270 777 2311 sua
801 2240 1027 2314 alat'obesum
1052 2243 1145 2315 illum
1165 2250 1218 2314 Cu

127 2352 318 2420 cubalum
348 2354 593 2415 viscosum
632 2348 684 2413 Ob
715 2353 850 2417 eandem
881 2375 1012 2417 causam
1041 2367 1075 2415 et
1106 2373 1218 2418 concur·

128 2478 214 2543 sum
238 2455 307 2518 fere
334 2457 477 2517 omnium
501 2456 640 2539 partium
661 2457 759 2517 maris
773 2455 940 2519 orientalis
956 2459 1048 2540 quasi
1062 2458 1099 2520 in
1112 2470 1218 2522 crucan

95 2617 97 2644 ξ
127 2558 326 2624 triradiatam
353 2558 450 2619 etiam
471 2553 519 2632 fit,
541 2570 577 2618 ut
592 2555 780 2639 superficies
795 2561 893 2622 maris
907 2562 1012 2621 ventis
1028 2557 1068 2621 ab
1085 2554 1218 2623 extremi·

127 2675 195 2729 tate
215 2660 383 2743 cujusdam
397 2658 480 2721 radii
492 2656 735 2744 insurgentibus
749 2659 822 2724 heic
837 2664 966 2746 saepius
984 2661 1132 2725 elevetur
1146 2679 1218 2748 quan

128 2764 198 2830 ullo
219 2762 284 2827 alio
308 2761 383 2826 loco
403 2759 530 2824 fluxum
553 2774 585 2824 et
605 2761 765 2826 reflexum
786 2785 852 2828 non
871 2763 1020 2841 habente,
1045 2787 1110 2849 quo
1133 2765 1218 2828 littor

87 2898 90 2914 ·
129 2889 190 2954 per
212 2865 324 2950 plures
344 2866 414 2928 dies
436 2867 533 2927 immo
550 2865 708 2929 interdum
725 2865 942 2930 hebdomadas
957 2890 1038 2954 aqua
1049 2869 1120 2950 jam
1134 2889 1219 2931 assur

130 2981 229 3055 gente
256 2966 363 3049 (Svec.
379 2965 519 3053 Oppsjii)
547 2970 742 3032 inundantur
763 2972 833 3053 jam
856 2972 1061 3054 regrediente
1078 2972 1218 3035 denudat

69 3131 83 3145 ,
129 3081 194 3136 tur'.
251 3067 339 3135 Hinc
382 3073 479 3135 etiam
516 3069 741 3140 salsitudinem
779 3071 924 3164 aliasque
952 3077 1171 3163 proprietates
1198 3075 1218 3139 il

132 3219 300 3238 m

175 3287 200 3363 *)
226 3295 297 3346 Mare
325 3297 445 3346 orientale
465 3311 493 3347 re
516 3312 574 3346 vera
592 3309 679 3350 annua
700 3298 822 3364 separavit
840 3298 918 3350 veluti
939 3299 1012 3350 lineis
1033 3297 1147 3347 duabus:
1181 3295 1207 3362 1)

138 3435 142 3444 ,
216 3383 359 3437 Bornholm
387 3400 471 3436 vetans
493 3384 587 3433 catium
607 3383 696 3441 Viadri
717 3385 825 3452 syrtibus
845 3385 952 3437 efficiare
975 3399 1000 3436 ot
1017 3385 1130 3450 primam
1152 3400 1218 3434 secur

220 3469 330 3535 demque
350 3483 449 3541 partem
470 3469 613 3536 distingvit3
651 3468 680 3535 2)
702 3472 789 3524 insulis
810 3471 861 3521 illis
884 3491 897 3522 e
917 3471 1067 3526 formatione
1089 3473 1218 3521 transition

220 3555 360 3620 Odanda,
389 3557 526 3609 Gotlandia
552 3570 578 3610 et
606 3557 682 3610 Oescl
706 3560 877 3619 constituitur,
908 3570 933 3608 et
960 3576 1029 3612 mare
1057 3559 1178 3609 orientale
1202 3560 1218 3608 ir

219 3642 295 3692 serius
326 3645 483 3711 usupcriori
503 3655 608 3710 separat.
657 3645 705 3694 Hic
733 3663 806 3696 arena
828 3646 904 3694 maris
929 3664 943 3693 a
959 3643 1129 3713 septentrione
1150 3631 1218 3712 prov«

192 3794 194 3798 .
221 3730 276 3778 nire
294 3728 409 3794 videtur,
440 3747 500 3781 cum
518 3733 693 3798 promontoria
715 3733 916 3800 septentrionalia
942 3745 996 3781 tunt
1018 3732 1171 3785 Gotlandiae
1190 3745 1217 3781 tu

210 3815 361 3868 *Oelandiae
383 3817 472 3870 eidem
491 3820 602 3870 maxime
627 3818 716 3872 obruta
733 3822 797 3884 siut,
826 3837 877 3871 non
900 3821 961 3870 item
980 3837 1040 3869 vero
1061 3820 1218 3874 meridionali
