2550 4492
399 230 581 313 'strue
622 261 805 309 srssrs
1109 242 1168 313 ‘n
1249 316 1252 321 ,

45 460 160 530 similis
189 460 308 532 evadit
329 457 370 526 C.
392 459 425 526 b.
445 464 680 551 platsgrae,
702 476 820 528 utnon
835 465 901 529 nisi
915 463 1077 531 divisim
1090 463 1166 536 bra·

53 572 191 649 etesium
214 585 324 651 eaque
345 564 512 629 evidenter
534 564 667 631 fortuita
686 565 857 650 discrepet.
910 564 1167 634 Heliantbe·

58 654 146 737 num
170 667 442 732 selandicum
461 669 497 731 in
519 665 682 733 Oelandia
706 683 738 731 et
759 678 899 735 canum
921 679 956 737 et
975 667 1164 754 alpestrs

58 775 180 836 omnino
197 766 378 834 absorbere
389 769 527 839 videtur.
554 768 663 835 Valde
677 771 812 834 evidens
825 783 888 849 est,
903 772 1066 858 quomodo
1079 769 1166 839 Ver·

57 872 145 939 busca
171 876 223 937 in·
238 869 432 958 regionibus
456 870 765 958 septentrionalibus
787 885 820 937 et
845 872 1061 957 sylvestribus
1086 897 1167 942 con·

60 978 253 1042 stantissima
277 985 373 1052 sunt,
404 975 471 1039 sed
498 976 534 1039 in
555 977 699 1051 maxime
721 973 864 1041 ruderali
888 990 922 1040 et
943 976 1105 1046 marium
1130 991 1166 1046 st

60 1081 225 1165 campestri
249 1074 414 1142 Oelandis
440 1075 625 1142 dilabuntur
649 1077 731 1150 adso
754 1077 790 1140 in
811 1080 999 1158 varietates,
1026 1092 1063 1144 ut
1078 1082 1165 1147 inter

59 1184 176 1268 species
204 1180 395 1245 notissimas
421 1177 546 1266 ubique
563 1179 674 1245 formae
698 1180 898 1271 intenaedirs
919 1183 1093 1261 exsistant,
1116 1204 1168 1250 ex

61 1283 167 1370 quibus
187 1295 264 1375 tot,
298 1294 380 1370 quot·
408 1280 532 1367 placet,
567 1285 694 1368 species
722 1280 868 1377 effossas
893 1283 1001 1363 lacere
1024 1298 1165 1369 possunt

58 1385 163 1454 barum
201 1406 313 1451 rerum
347 1385 458 1450 forsan
492 1386 627 1451 numum
657 1386 790 1451 cariosi.
853 1380 1061 1470 Myosotides
1097 1401 1165 1455 tum

59 1489 157 1555 multae
197 1488 349 1583 demum!
370 1485 601 1554 subsumantur
633 1486 694 1552 sub
721 1485 902 1554 cardinales
929 1490 1058 1574 species
1090 1488 1163 1557 scil.

64 1591 338 1677 scorpioidem
361 1603 394 1654 et
418 1611 642 1664 arvensem.
694 1588 750 1654 Sic
778 1593 875 1656 etiam
895 1588 1068 1657 affinitates
1091 1589 1165 1659 lou·

61 1715 94 1779 ge
114 1695 188 1759 aliae
210 1696 247 1757 in
270 1713 395 1787 suanno
419 1696 640 1778 septentrione
657 1713 694 1757 se
711 1691 891 1767 declarant;
916 1714 972 1759 ex.
985 1715 1036 1780 gs.
1061 1690 1164 1762 Are·

60 1799 168 1863 naria
193 1793 364 1871 ciliats,
390 1797 426 1859 in
449 1793 585 1880 alpibus
599 1793 801 1860 australioris
818 1795 959 1882 Europoe
981 1796 1090 1861 radice
1103 1800 1164 1862 ins

58 1900 186 1985 perenni
216 1910 280 1962 etc.
313 1912 378 1963 tam
405 1895 552 1976 diversa,
581 1898 669 1984 apud
693 1919 756 1964 nos
777 1901 910 1962 omnino
935 1919 1044 1963 annua
1066 1895 1105 1966 fit
1129 1913 1165 1965 et

58 2001 92 2065 A.
112 1998 424 2087 serpylliioliae
454 2006 520 2066 tam
545 1999 680 2080 similis,
714 2013 751 2064 ut
779 2003 838 2065 vix
864 2003 931 2080 nisi
951 2000 1072 2088 petalis
1095 2023 1164 2068 ms-

54 2104 192 2188 joribus,
209 2125 305 2196 &cum
329 2101 419 2169 loliis
448 2105 545 2168 etiam
570 2125 699 2168 sursum
725 2100 900 2169 latioribus
926 2103 1164 2191 quodammodo

59 2204 400 2295 correspondentibus,
426 2204 651 2291 distinguntur.
705 2203 831 2272 verum
852 2208 982 2294 quidem
1006 2219 1058 2270 est
1082 2228 1165 2271 non·

58 2310 137 2376 sula
173 2332 299 2397 genera
335 2329 450 2373 versus
483 2311 738 2396 septentrionem
767 2311 873 2395 magis
899 2307 1076 2374 luxuriare
1107 2327 1165 2376 ex·

59 2433 99 2498 gr.
124 2413 255 2478 Salices
286 2425 320 2477 et
351 2404 501 2488 Caricam
534 2412 594 2478 sed
627 2424 684 2477 aut
708 2411 774 2477 illae
801 2409 1008 2480 efflorescunt
1040 2413 1075 2477 in
1099 2410 1166 2477 lor·

60 2536 118 2580 mas
146 2518 286 2582 mmium
311 2535 429 2600 vagas,
459 2528 516 2578 aut
540 2514 590 2579 bae
618 2517 713 2601 quasi
736 2512 783 2580 ob
803 2516 986 2600 angustiam
1011 2535 1032 2578 s
1053 2534 1091 2579 sa
1113 2517 1166 2579 in·

65 2621 157 2682 sicem
178 2617 300 2683 melius
327 2634 536 2703 separantur,
560 2615 644 2692 adeo
667 2630 703 2683 ut
731 2617 772 2682 de
798 2630 913 2681 nsutm
938 2615 1052 2683 barum
1077 2629 1168 2684 tanta

70 2716 215 2787 dissensio
254 2741 398 2806 unquam
434 2719 542 2785 luserit.
601 2716 755 2785 Ceterum
786 2719 1076 2806 quomodocunque
1102 2722 1166 2799 sit,
1197 2723 1205 2732 '

61 2839 121 2885 non
154 2821 233 2897 inibi
255 2825 413 2909 proposui
439 2821 532 2908 leges
559 2820 634 2887 aliis
659 2815 889 2908 prescribere,
921 2824 1004 2889 sicut
1026 2822 1166 2887 Linnaec

59 2923 301 3008 objiciebatur,
323 2925 382 2992 sed
407 2937 530 2990 tanum
557 2927 796 3010 vegetationem
824 2925 983 2992 svecicam
1005 2923 1168 2993 exhibere

57 3025 167 3107 talem,
207 3027 339 3116 qualem
378 3049 458 3113 ego,
500 3029 633 3115 pariter-
660 3049 699 3092 ac
726 3027 900 3105 Linnacus,
939 3049 1013 3093 cam
1046 3026 1167 3115 reperi,
1232 3072 1240 3092 ,

56 3125 212 3207 Quadam
246 3128 330 3196 bano
363 3151 433 3195 rem
463 3128 600 3206 ulterius
629 3127 825 3196 illustrantia
849 3128 935 3196 inira
960 3130 1005 3216 (p.
1020 3128 1167 3215 xus-xv)

56 3232 176 3314 dcam,
209 3231 270 3301 ubi
298 3232 339 3299 de
362 3232 610 3318 distingvendis
623 3230 794 3318 speciebus
820 3233 1056 3305 disserendum.

150 3335 232 3403 Alia
254 3349 374 3421 postea
397 3349 492 3421 urget
514 3339 649 3424 quaestio
678 3336 922 3421 amplitudinem
945 3333 1023 3402 libri
1048 3338 1085 3407 in
1108 3351 1168 3422 ge·

56 3458 128 3506 uere
157 3441 367 3526 respiciens,
397 3438 533 3529 'scilicet
562 3452 716 3527 quantum
750 3439 935 3505 adventitiis
967 3435 1085 3524 planta
1107 3454 1168 3502 ex·
1201 3460 1205 3465 ·

55 3540 222 3612 eludenda
247 3545 331 3620 sint,
357 3525 394 3608 nt
417 3557 533 3607 natura
560 3539 728 3628 originalis
754 3562 837 3627 pura
859 3541 964 3626 magis
986 3551 1166 3605 remanent·

57 3641 173 3713 Fateor
194 3665 247 3713 ars
272 3646 310 3711 in
334 3643 396 3713 bac
419 3666 456 3712 re
480 3666 546 3711 non
559 3634 691 3711 'tantum
708 3631 880 3709 Linnoeum
894 3655 1040 3709 secutum
1053 3642 1168 3719 fuisse,

58 3766 170 3820 seram-
194 3751 295 3814 etiam
314 3745 430 3834 paullo
455 3746 540 3813 ultra
565 3749 787 3834 processisse,
814 3746 891 3823 sed,
915 3757 951 3808 ut
971 3764 1088 3830 spero,
1110 3763 1168 3814 na·
1258 3820 1261 3826 ,

57 3860 130 3921 tura
168 3853 414 3940 convenienter.
480 3839 552 3924 Vix
584 3853 671 3920 enim
705 3847 772 3919 ulls
804 3847 870 3918 slis
898 3840 1047 3928 ‘dudelli
1063 3841 1167 3935 tun,
