2542 4500
361 274 365 291 ¹
456 244 657 324 'tanaro
698 277 880 355 ononis

123 538 134 545 Η
248 467 434 564 Synonyma
475 471 588 534 ordne
608 469 863 560 'chronologico
904 470 1014 541 multis
1049 485 1115 539 tam
1156 454 1251 539 acce-³*

122 583 185 660 ,pto
216 569 433 659 subjungere,
475 595 495 635 a
528 585 615 657 meta
647 573 726 638 mihi
755 576 926 661 proposita
947 575 1089 641 alienum
1114 568 1241 662 putari,

122 675 189 761 ,sed
211 676 314 739 series
342 696 455 739 eorum
474 678 578 760 genio
604 688 673 740 tum
698 680 907 769 systematioo
935 693 1002 743 turn
1023 679 1246 765 geographico¹

123 777 227 865 ‚hujus
261 779 370 861 operis
402 777 554 862 adaptare
584 780 706 848 studui·
763 779 877 867 Itaque
905 760 1009 868 primo
1040 780 1115 857 loco
1131 774 1244 847 Lin-

124 881 207 955 ,naai
237 878 363 945 Flora
399 880 568 945 svecioa
597 895 634 945 ut
660 880 904 948 fundamentum
927 883 1082 969 generale
1110 886 1241 962 citatur,

127 983 227 1073 idque
257 995 323 1047 tam
349 986 502 1047 continue
527 1004 587 1070 per
612 980 875 1064 rotundarum,
906 999 960 1065 ut,
992 984 1048 1050 ubi
1077 986 1241 1051 desidera·

80 1072 84 1080 ¹
123 1083 282 1160 „turhoc
322 1107 544 1169 synonymo,
589 1107 650 1150 nec
684 1085 797 1173 planta
832 1091 867 1153 in
897 1087 957 1173 illo
986 1087 1073 1153 libro
1098 1092 1241 1174 reperia-

126 1206 191 1259 tur.
250 1187 372 1252 Postea
408 1201 463 1273 ant
495 1185 736 1276 subsequuntur
769 1188 835 1254 alia
867 1212 968 1278 opera
998 1193 1240 1275 systemati'v

124 1315 175 1366 ca
205 1293 433 1375 Linnaeana
465 1290 519 1355 vel
549 1292 668 1355 itinera
699 1291 789 1376 ejus,
828 1314 890 1379 per
910 1294 1252 1379 patriam.instituta‚·
1269 1318 1271 1381 t

66 1463 68 1467 ,
125 1395 272 1482 nudique
302 1417 373 1458 rem
401 1394 545 1479 maxime
567 1392 779 1474 illustrantia,
813 1433 864 1442 -
889 1397 1064 1461 autetiam
1085 1417 1189 1482 opera
1210 1418 1239 1465 a·
1269 1409 1271 1488 l

118 1500 249 1572 *liorunr
272 1509 441 1561 auctorum
465 1495 536 1560 scil.
554 1495 728 1580 generalia
748 1511 783 1561 et
808 1500 1014 1582 systematica
1027 1501 1072 1584 i),
1099 1498 1237 1585 plantari

128 1601 335 1687 systematice
362 1599 610 1664 determinantia
635 1620 694 1663 seu
720 1602 784 1678 ita,
813 1613 849 1663 ut
871 1597 957 1664 ultra
979 1621 1046 1664 non
1062 1596 1185 1679 detor,
1205 1598 1239 1665 fi·

19 1704 42 1719 ”“
125 1706 251 1795 gentio.
309 1701 398 1766 Dein
438 1701 578 1766 citantur
616 1704 764 1768 icones
804 1705 953 1789 inprimis
989 1698 1239 1772 eBotanico

128 1808 307 1873 Svecico
341 1803 396 1870 vel
428 1804 556 1870 Flora
580 1802 738 1870 Danica
770 1817 883 1891 utpote
914 1805 1037 1868 nostris
1062 1804 1187 1891 plantis
1208 1826 1239 1871 o·

126 1914 229 1998 ptime
256 1907 507 1993 convenientes,
541 1926 601 1970 nec
629 1909 710 1986 nisi,
742 1928 815 1972 cum
841 1906 923 1972 haec
946 1927 1049 1992 opera
1072 1904 1238 1987 deficiunt,

125 2013 224 2093 aliae,
239 2014 354 2075 icones
375 2031 432 2080 ex,
443 2033 493 2096 gr.
517 2007 684 2097 lacquini,
709 2030 729 2074 a
781 2023 856 2089 stra
875 2022 963 2073 terra
981 2007 1085 2095 magis
1104 2008 1237 2083 alienat,

127 2113 185 2181 Sic
207 2112 352 2202 plantam
378 2133 418 2177 eo
445 2112 679 2177 evidentiorem
699 2135 735 2176 re
758 2112 858 2177 ditam
886 2112 985 2190 volui,
1014 2110 1141 2197 scilicet
1157 2110 1245 2209 qnod¹

127 2219 171 2287 ad
202 2218 319 2282 faciem
353 2228 454 2281 totam
487 2229 664 2279 *externam
698 2228 833 2281 naturae
865 2215 970 2300 ipsius
1004 2213 1065 2278 toti
1095 2216 1238 2280 internae

128 2323 265 2407 saepias
304 2331 370 2384 tam
403 2316 488 2383 bene
517 2319 770 2403 respondentem
802 2331 836 2382 et
867 2316 976 2383 verbis
1003 2314 1104 2381 nullis
1118 2317 1237 2406 expri-

50 2416 60 2432 ⁸
126 2425 290 2503 mendam.
355 2421 436 2486 Post
474 2417 535 2485 has
562 2422 684 2484 icones.
712 2430 891 2508 sequuntur
923 2420 1177 2505 citationes,
1208 2430 1240 2483 ut

127 2529 175 2609 ita
209 2526 332 2602 dicam,
364 2522 829 2609 plane'geographioae,
867 2517 1104 2588 habitationem
1126 2521 1238 2589 subse-

113 2641 281 2719 'quantem
304 2625 525 2705 illustrantes,
551 2646 674 2713 eaeque
699 2626 813 2689 ordine
836 2626 970 2704 eodem,
1000 2645 1064 2712 quo
1083 2624 1162 2695 ¹loca
1182 2623 1240 2688 lta·

127 2731 296 2812 litationis
322 2730 408 2793 inim
431 2741 653 2805 recensentur,
678 2729 817 2814 positae,
845 2729 927 2792 adeo
951 2738 987 2792 ut
1013 2728 1186 2811 citationes
1211 2737 1240 2790 et

127 2833 205 2916 loca
227 2832 291 2898 sibi
314 2833 455 2896 invicem
478 2831 595 2894 ordine
619 2828 855 2916 respondeant,
881 2851 921 2893 eo
944 2829 1082 2895 consilio
1107 2843 1143 2895 et
1163 2850 1239 2905 usu,

128 2948 166 3002 ut
190 2935 232 3000 ab
254 2932 307 2998 his
332 2935 375 2998 ad
395 2932 464 3010 illa,
491 2945 523 2997 et
548 2934 619 2996 vice
644 2955 752 3011 versa,
776 2935 811 2999 in
834 2946 976 2997 mutuam
990 2931 1239 3009 illustrationem

129 3051 163 3117 ot
192 3023 471 3103 confirmationem
499 3035 629 3123 regredi
643 3039 686 3122 ii)
714 3050 747 3100 et
768 3036 923 3122 progredi
937 3036 1009 3100 sine
1026 3054 1120 3103 mora
1135 3036 1240 3122 possi·

170 3311 196 3396 ²)
219 3328 287 3379 Nam
306 3324 424 3395 specialia
446 3326 488 3378 vol
505 3323 704 3394 monographica
721 3325 807 3378 minua
829 3325 917 3399 citavi,
946 3328 1006 3395 quia
1027 3325 1073 3401 vel=
1087 3314 1240 3394 eademne-⁸

131 3406 136 3416 ’
209 3431 269 3467 rum
298 3413 429 3480 adquirere
458 3414 530 3482 potui
554 3413 596 3463 vel
619 3413 696 3464 ctiam
724 3415 799 3480 genio
822 3412 881 3464 libri
903 3412 987 3464 minas
1008 3412 1185 3485 convenienti-i
1200 3408 1241 3461 rel

123 3498 137 3517 ⁸
212 3500 322 3567 deniqne
340 3501 384 3550 fini
404 3498 456 3564 ejus
475 3495 604 3568 praedicto
621 3500 709 3551 minut
729 3498 888 3556 inservientia
907 3501 1003 3570 reperi,
1024 3516 1183 3569 quanquam
1196 3515 1244 3552 eo·-

133 3600 141 3630 ‘-
209 3604 271 3641 rum
292 3588 389 3656 praetio
407 3585 472 3640 nihil
491 3587 631 3641 detractum
651 3589 720 3640 volo·
819 3602 823 3609 ·

30 3712 32 3719 “
102 3788 107 3797 ν
133 3703 191 3781 ¹**)
216 3713 259 3765 Sic
284 3733 324 3766 cx.
340 3733 378 3782 gr.
406 3720 454 3770 snb
477 3739 503 3771 n.
529 3719 608 3772 1106
643 3722 769 3792 Qornca,
798 3714 842 3792 qui
872 3723 982 3774 exacuto
1010 3720 1075 3770 scire
1105 3717 1180 3786 cupit
1200 3712 1256 3783 ubi

218 3800 305 3853 Avadn
327 3805 373 3854 sita
392 3819 441 3867 cst,
465 3808 659 3860 illustrationem
681 3823 782 3876 (praerat
802 3806 828 3862 in
848 3825 989 3878 synonymo
1007 3807 1100 3858 altimo
1116 3800 1252 3857 Hartnu

225 3881 288 3941 Vet
313 3883 370 3942 Ac.
400 3885 518 3946 Hondl.
554 3888 643 3949 1818.
668 3908 703 3968 p.
719 3889 795 3952 ¹123.
831 3921 864 3936 ·-
901 3898 945 3966 qui
975 3894 1022 3949 tub
1046 3893 1166 3948 Caurino
1190 3892 1245 3943 loce
