2550 4492
409 284 724 380 antrorum
1013 280 1100 378 <sis

105 503 330 570 Dalecarliam
355 503 396 569 ad
419 505 638 591 Garpenberg
659 515 693 568 et
719 503 1000 590 Osmundsberg’j
1017 498 1102 573 Hets

107 592 250 675 singiam
282 590 362 677 (ex.
372 612 422 674 gr.
443 588 618 674 Iggesund)
646 589 857 676 frequentem
890 589 1009 666 dein-s
1033 616 1101 656 non

108 688 288 758 antequam
308 674 344 738 in
363 675 492 762 alpibus
515 675 741 740 Jemtlandicis
764 687 798 740 et
815 676 1019 764 Lapponiois
1038 695 1101 742 nea

108 784 179 823 non
202 760 283 823 locis
302 760 511 846 inferalpinis
532 760 712 846 Norvegiae
734 761 917 843 adjacentis
934 766 1077 850 copiose.

77 849 167 907 radix
197 849 286 907 valde
314 849 489 928 multiplex:
520 849 655 908 caulibus
685 849 908 931 divergentibus
936 850 1001 909 sere
1029 872 1102 932 pro-

77 935 137 992 stis.
189 931 307 992 Foliola
345 934 521 1014 plerumque
559 934 765 994 subcoriacea:
808 935 878 1014 pilis
915 935 1101 1016 simplicibus

77 1020 147 1078 rsis.
190 1019 357 1078 Pedunculi
389 1039 421 1078 se
446 1023 565 1100 erigunt
594 1031 624 1080 et
651 1021 760 1080 florent
783 1021 881 1100 primo
901 1040 974 1082 vere
994 1023 1032 1083 in
1053 1044 1103 1082 re-

77 1107 166 1162 nibus
196 1106 427 1183 campestribus:
459 1108 566 1186 petalis
595 1108 634 1166 ad
654 1107 739 1168 basin
767 1107 1020 1187 sulvescentibus3
1048 1109 1102 1168 sed

80 1192 265 1270 alpestribus
285 1201 305 1257 β
326 1192 475 1250 aestivalis
497 1193 531 1251 fit
554 1202 584 1251 et
605 1194 709 1273 major.

77 1294 98 1340 t.
120 1273 430 1339 POTENTILLA
455 1275 666 1341 subocculte.-
698 1271 786 1338 foliis
809 1272 1005 1342 radicalibus
1026 1277 1104 1360 qui-

111 1359 198 1423 natis
223 1360 648 1425 obovato-cuneisormibus
671 1379 815 1446 superne
835 1360 969 1424 serratis
989 1363 1105 1425 stellu-

112 1444 481 1524 lato-canescentibus,
518 1446 636 1532 petalis
657 1446 767 1532 calyce
788 1445 982 1530 rnajoribus,
1012 1446 1104 1510 caule

112 1529 342 1593 decumbente.
388 1529 492 1594 Lina.
521 1553 608 1615 spec.
632 1529 682 1616 pl.
710 1529 761 1593 ecl.
782 1550 813 1595 2.
838 1552 873 1616 p.
896 1533 968 1616 715.
998 1540 1105 1596 mant.

109 1637 149 1700 p.
174 1613 250 1676 400.
288 1623 411 1702 Jncqu.
431 1617 479 1701 pl.
502 1638 572 1678 rar.
591 1617 620 1682 5.
642 1625 667 1679 t.
690 1613 762 1699 491.
817 1614 987 1680 Wablenb.
1011 1638 1104 1694 carp.

115 1701 246 1845 ηὲὸιο.
289 1697 446 1766 Lelanton
462 1711 591 1790 potent.
610 1722 646 1787 p.
670 1719 739 1768 ι20.
784 1699 952 1789 Regensb.
973 1698 1037 1768 bot.
1058 1697 1104 1765 Z.

119 1806 131 1847 1
163 1804 213 1846 22.
259 1806 320 1848 ,ιι
349 1831 357 1846 .

115 1869 154 1934 Ρ.
179 1805 296 1930 inciina
316 1805 470 1934 liloencb.
490 1869 592 1933 mella.
610 1892 648 1956 p.
671 1889 743 1953 279·
788 1867 887 1935 Fries
909 1892 983 1936 nov.
999 1891 1037 1957 p.
1055 1869 1106 1951 78.

158 1953 337 2039 Aspegren
359 1953 500 2039 bleking.
522 1976 559 2038 p.
580 1954 620 2042 59
643 1965 676 2018 et
693 1950 777 2020 XV.
982 2000 984 2006 ·

114 2039 154 2104 P.
178 2053 330 2111 vernas.
349 2040 382 2101 b.
415 2038 581 2102 Watlroth
608 2039 719 2104 selred.
742 2036 817 2103 crit.
845 2059 883 2124 p.
906 2039 979 2122 259.
999 2070 1043 2086 -
1137 2116 1139 2121 Ι

120 2125 159 2187 Ρ.
182 2123 312 2186 cinerea
336 2121 370 2186 V
372 2123 422 2186 il.
443 2158 486 2172 —
506 2123 630 2210 Sering
648 2147 733 2190 ntus.
753 2123 838 2186 telo.
858 2145 891 2208 p.
909 2124 962 2187 55.

80 2210 167 2274 Hab.
199 2208 233 2270 in
263 2207 393 2272 collinis
419 2209 564 2272 arenosis
591 2209 849 2273 Smolandiae
880 2205 1109 2284 meridionali·

120 2292 292 2356 orientalis
327 2315 380 2357 ex.
410 2315 458 2375 gr.
493 2294 531 2358 ad
562 2291 663 2360 Brais
692 2306 724 2359 et
748 2293 928 2359 Liboholm
955 2291 1107 2379 copiose,

122 2377 358 2462 Blekingiae
382 2381 420 2440 ad
443 2378 652 2442 Carlskrona.

85 2464 277 2525 Praecedenti
301 2467 403 2525 forsan
431 2465 558 2525 nimium
581 2465 693 2539 affinis,
721 2465 826 2526 habitu
846 2466 937 2545 magis
955 2472 1108 2528 contracto

77 2551 249 2631 ¹superficie
275 2552 359 2632 quasi
380 2572 396 2609 e
418 2551 537 2633 papillis
561 2553 700 2610 stellatim
722 2561 896 2630 canescente
920 2550 1109 2610 solummodo

78 2637 196 2712 berens3
223 2658 297 2716 quae
326 2647 416 2696 notae
441 2638 473 2694 in
493 2646 596 2696 nostra
621 2639 723 2720 planta
744 2639 897 2698 multoties
925 2639 1025 2698 minus
1046 2636 1111 2697 evi-
1176 2672 1183 2681 ·

77 2734 141 2781 entes
164 2744 252 2802 quani
277 2723 308 2781 in
330 2722 462 2783 Sibirioa.

77 2805 111 2870 la.
132 2806 437 2871 PO'l'ENTlLLA
456 2829 561 2891 opaco
581 2818 621 2878 βε
641 2803 730 2868 toliis
747 2805 941 2870 radicalibus
960 2814 1113 2890 septena-

120 2891 161 2956 tis
188 2888 668 2956 lanceolato-cuneil'ormibus
696 2892 840 2976 undique
867 2890 996 2955 serratis
1022 2889 1111 2976 pilo-

121 2975 279 3052 sissirnis‚
301 2977 414 3058 calyce
429 2976 534 3060 petala
550 2975 782 3062 subaequante5
807 2977 954 3040 caulibus
975 2979 1114 3039 decum-

101 3061 278 3124 bentibus
301 3060 525 3126 filisormibus.
569 3059 673 3124 Lino.
695 3083 779 3147 spec.
796 3061 844 3146 pl.
866 3062 918 3125 ed.
944 3059 1058 3128 Willd·
1083 3079 1113 3121 2.

121 3170 155 3232 p.
178 3145 268 3209 1105.
308 3149 442 3231 (Jacqu.
466 3146 507 3211 io.
533 3168 602 3210 rar.
626 3169 654 3208 1.
677 3154 701 3208 t.
723 3167 774 3230 91.
802 3146 928 3211 collect.
957 3167 983 3207 1.
1005 3166 1040 3230 p.
1062 3143 1114 3207 55.

122 3230 223 3295 Hall.
255 3230 290 3294 in
314 3231 448 3316 Sering.
477 3253 562 3295 mus.
591 3229 678 3293 belv-
702 3231 810 3315 pst.
837 3241 862 3293 t.
881 3229 910 3294 4.
926 3227 962 3314 s.
987 3250 1014 3294 1.
1041 3250 1116 3289 ma-

122 3319 178 3464 ξι·
201 3313 244 3400 α).
291 3314 390 3464 Ἕω
413 3340 486 3462 ugo.
504 3313 816 3464 p.t78.648Lebmon
833 3324 961 3414 potent.
987 3335 1020 3401 p.
1046 3313 1115 3377 105.

155 3447 160 3459 .
184 3422 286 3463 verna
358 3421 406 3463 or.
467 3423 537 3464 00.
562 3444 570 3460 .
596 3422 606 3462 r
678 3446 686 3464 .

86 3487 175 3553 Hab·
207 3485 242 3547 in
265 3486 411 3549 arenosis
440 3484 598 3550 lateribus
629 3482 828 3549 convallium
850 3484 889 3548 ad
906 3481 1028 3550 fluvios
1050 3481 1118 3544 nri·

124 3591 224 3634 nores
245 3570 405 3635 Scaniae
428 3569 638 3634 occidentalis
659 3591 764 3658 prope
785 3569 962 3657 stflinge,
987 3569 1117 3632 Lacla-

125 3657 180 3718 ltin
205 3677 223 3715 e
246 3666 307 3719 etc.
921 3686 922 3690 ¹

81 3677 278 3802 Etiamghaec
306 3742 389 3822 quasi
414 3743 573 3822 progenies
602 3744 633 3800 P.
655 3761 815 3815 vernae,
846 3742 898 3800 sed
920 3742 957 3800 ab
981 3741 1118 3820 opposita

77 3839 128 3892 nte
157 3829 249 3908 magis
270 3828 302 3887 in
322 3829 498 3889 tenuitatem
519 3839 644 3890 extensa
664 3838 778 3888 elnon
802 3828 861 3887 nisi
880 3826 951 3908 pilis
971 3826 1117 3909 longiori-
