2550 4492
378 592 932 711 consensius

204 827 404 900 nnon1
455 798 504 894 ii
557 827 1058 897 vnonrrmonm.

595 1016 682 1032 a

77 1146 92 1241 i
234 1174 264 1244 Ι.
318 1177 509 1240 Lrnrrns
543 1197 587 1240 nr
621 1171 864 1243 (lincurius
897 1177 1042 1246 nram.

77 1246 186 1621 &a
216 1384 328 1469 magis
364 1380 542 1470 Vegetatio
577 1383 733 1472 indigena
769 1407 844 1451 esse
871 1388 1032 1472 reperitur
1062 1382 1134 1449 fixa
1165 1401 1199 1453 et

177 1524 238 1567 suo
271 1486 340 1568 non
369 1501 553 1581 mutabilis,
589 1524 629 1567 eo
653 1505 760 1590 magis
788 1508 872 1567 ratio
898 1525 934 1567 se
961 1503 1082 1568 offerre
1105 1507 1198 1570 vide·

110 1612 153 1683 tu,
184 1628 258 1671 eam
294 1604 500 1672 naturalibus
521 1604 809 1672 circumscribendi
835 1604 1011 1684 limitibus,
1049 1610 1106 1693 qui
1131 1609 1198 1694 ipsi

112 1717 219 1773 merum
244 1706 415 1773 Botanicis
442 1729 479 1772 se
508 1730 637 1794 semper
666 1700 889 1795 praebuerunt
916 1721 949 1772 et
973 1731 1102 1796 quoque
1127 1710 1198 1774 fere

77 1830 83 1861 ι
109 1806 179 1874 idem
202 1833 223 1874 a
246 1809 394 1897 politicis
423 1808 744 1897 nostris'aliquando
770 1813 910 1896 expetiti
935 1811 1081 1876 suerunt·
1130 1812 1200 1878 Lo·

106 1902 180 2001 quor
198 1911 272 1976 lreie
308 1913 350 1978 de
383 1913 583 1978 adsumendo
614 1911 671 1978 vel
701 1913 899 1978 includendo
931 1911 1035 1978 altero
1072 1914 1200 1978 scilieet

106 2014 330 2098 septentrionali
356 2013 460 2081 latere
487 2015 609 2102 alpium
636 2016 901 2103 Lepponicarum
925 2018 1012 2080 intra
1034 2015 1119 2080 fines
1140 2038 1200 2081 no·

106 2127 173 2180 strae
201 2117 340 2198 Florae,
382 2131 497 2205 utpote
524 2117 612 2207 quod
638 2121 724 2184 intra
750 2117 882 2185 Floram
911 2119 1135 2205 Lapponieam
1162 2140 1200 2183 re

108 2237 167 2282 nera
187 2240 313 2307 semper
337 2220 502 2287 inclusum
528 2221 608 2300 fuit,
636 2240 697 2286 neo
719 2241 861 2308 unquam
887 2244 904 2286 e
928 2221 1042 2287 Fauna
1068 2235 1101 2285 et
1122 2219 1201 2284 Flo-

110 2338 138 2382 ra
156 2319 283 2387 Sveoioa
312 2326 483 2409 expressis
513 2320 624 2388 verbis
653 2323 836 2389 exolusmn.
895 2320 971 2388 Una
1002 2345 1074 2389 oum
1098 2322 1200 2388 hoooe

115 2419 197 2506 alpino
224 2427 309 2513 jugo
346 2423 559 2492 adscribimus
587 2446 716 2514 quoque
741 2425 860 2492 Florae
887 2437 1020 2495 nostrae
1045 2428 1201 2512 regiones

116 2544 202 2590 onnes
220 2513 390 2595 fluminum
413 2548 459 2594 ex
481 2526 610 2615 alpibus
638 2526 691 2593 bis
716 2519 926 2594 venientium.
979 2527 1034 2594 Sio
1062 2550 1201 2615 regnum

122 2621 208 2691 done
235 2644 372 2696 nostrae
400 2631 674 2718 circumscriptum
698 2627 878 2696 voluissem
903 2643 1027 2696 tontum
1057 2630 1202 2696 maribus

79 2747 87 2761 ⁶
126 2737 150 2787 et
173 2727 275 2798 duabus
308 2731 408 2797 lineis
433 2736 549 2797 rectis:
584 2753 720 2821 quarum
747 2733 885 2798 altera
915 2732 1202 2798 occidentalis

77 2870 81 2933 ἱ
121 2825 354 2899 arl'ordlandiae
384 2838 607 2920 promontorio
630 2835 835 2901 meridionali
861 2835 1005 2900 Kunnen
1035 2836 1121 2900 dicto
1147 2858 1202 2900 us-

119 2951 162 3014 que
176 2935 212 3000 ad
226 2935 414 3002 Svinesund
430 2924 560 3023 prolata
577 2939 636 3014 sit,
653 2939 702 3001 ita
717 2950 754 3000 ut
764 2935 939 3003 Nidrosiae
952 2941 1044 3025 regio
1060 2937 1203 3024 (frond-

118 3029 195 3101 biems
216 3038 305 3127 Amt)
335 3052 500 3128 totumque
532 3037 655 3127 alpium
683 3034 940 3125 Norvegioarum
964 3045 1081 3127 jugum
1105 3045 1203 3108 meri-

117 3135 221 3206 dionale
247 3157 309 3208 ete.
336 3140 544 3220 excludatur3
586 3141 724 3208 altera
751 3145 980 3210 orientalis
1006 3167 1027 3209 a
1049 3167 1203 3232 promon-

77 3324 79 3329 ,
117 3245 179 3306 torio
203 3244 317 3333 Kegor
341 3267 443 3334 usque
470 3245 641 3312 ad'siuum
666 3243 852 3312 Bottnioum
877 3249 972 3313 ducta
998 3249 1204 3335 Lepponiam

116 3349 326 3439 regionemque
353 3363 454 3417 totam
484 3349 680 3426 Kemensem
700 3349 870 3417 includens
886 3354 924 3440 ²).
959 3348 1202 3418 uictimarum

116 3520 260 3543 ..ιι-ιιι-

147 3597 168 3676 *)
188 3609 278 3662 Haeo
297 3611 366 3661 linea
387 3621 466 3662 totam
487 3611 646 3679 peninsulam
666 3610 845 3664 Scantlinoviae
865 3610 896 3660 ab
918 3610 1081 3662 orientalibus
1101 3625 1126 3663 et
1145 3628 1204 3661 nra-

182 3697 220 3761 gis
240 3699 450 3750 continentalibns
472 3699 544 3748 terris
563 3711 664 3773 naturae
687 3701 791 3750 omnino
809 3698 984 3750 convenienter
1004 3697 1149 3762 distinguit,
1170 3699 1204 3748 ita

182 3784 238 3833 scil·
265 3799 296 3837 ut
322 3785 427 3838 flumina
455 3784 600 3855 Lapponiae
624 3785 758 3840 Kemensis
786 3806 801 3837 a
825 3788 917 3838 nostris
937 3786 1036 3856 alpibus
1054 3789 1096 3839 vel
1115 3787 1204 3835 saltem

182 3872 329 3940 regionibus
351 3872 487 3944 subalpinis
511 3893 603 3944 nquam
621 3891 694 3930 suom
715 3875 784 3946 quod
804 3877 836 3927 ad
854 3876 993 3929 maximam
1016 3887 1114 3946 partem
1136 3871 1205 3933 sueci-¹
