2550 4492
307 198 650 299 oouarnonus
703 230 860 277 araur
1041 233 1147 284 mur

61 437 131 482 rum
156 437 320 480 cresccre
355 418 525 501 incipiunt.
585 414 673 480 Dein
700 415 863 480 subdividi
890 416 1002 481 forsan
1031 435 1145 504 posset

77 521 301 605 superiorem,
337 514 449 581 Alno
477 518 705 611 glutinosa
731 531 894 583 carentem
917 520 995 604 (nisi
1023 522 1064 587 ad
1091 521 1144 586 lit·
1161 594 1168 615 ⁸

61 623 239 706 tamaris),
279 635 314 684 et
341 615 529 684 inferiorem
551 618 606 684 uel
630 620 893 698 meridionalem,
923 617 978 687 ubi
1006 621 1144 689 Alnus

61 723 333 823 'glutinosa
369 743 493 817 supra
491 721 602 786 littora
626 720 712 789 vcl'
702 743 744 820 m
763 718 954 809 regionibus
979 727 1142 792 interiori·

61 828 84 909 j
106 849 203 912 quam
232 828 394 907 incana
408 800 594 915 *exsistunt

117 927 253 1014 Regio
286 924 475 1002 Quereris
504 924 571 1010 (vel
594 925 730 991 Sveciae
756 922 881 990 mediae
908 921 1018 993 latiori
1042 951 1144 998 sonan

61 1020 153 1114 miae)
188 1034 281 1094 inter
312 1026 802 1112 terminumaeptentrionalom
830 1024 980 1104 Quereris
1007 1045 1040 1096 et
1063 1055 1144 1099 eun·

61 1154 95 1197 ιιιι
120 1135 297 1217 terminum
330 1116 413 1216 Pagi
446 1141 585 1193 extensa
619 1142 680 1194 est.
735 1124 884 1205 Quercus
911 1153 1059 1197 crescere
1086 1132 1142 1200 de·

61 1228 101 1297 P't
127 1237 208 1313 satia
238 1231 377 1296 definito
400 1230 522 1308 limite,
556 1245 593 1294 ut
614 1234 655 1296 -in
679 1229 763 1296 libro
791 1254 818 1297 a.
842 1231 866 1296 l.
895 1239 1140 1316 annotavimus,

132 1337 301 1412 dimidiam
330 1333 399 1397 fere
430 1345 556 1419 partem
588 1331 759 1397 fluviorum
796 1338 831 1398 in
858 1332 964 1401 lacum
990 1335 1140 1404 Malarcu

83 1442 293 1525 ptentrioue
325 1433 572 1521 profluentium,
613 1435 654 1499 ad
689 1432 873 1525 Carlslroga
906 1451 940 1500 et
970 1459 1060 1501 oram
1087 1462 1140 1503 se·

128 1540 270 1605 onalem
297 1538 390 1628 lacus
415 1535 567 1616 Veneto,
600 1539 666 1614 sic,
698 1551 734 1600 ut
766 1558 829 1625 quo
855 1542 961 1624 magis
988 1542 1139 1606 occiden-

61 1632 64 1638 ’
128 1663 160 1707 co
187 1642 329 1706 inferior
357 1638 412 1703 vel
435 1642 539 1725 magia
567 1627 792 1703 meridionalis
819 1638 953 1728 obliquo
982 1640 1139 1710 drrctue·

158 1745 310 1810 Eundem
332 1743 506 1808 terminum
530 1741 707 1807 observant
731 1738 1057 1832 ornithogalum
1080 1746 1137 1811 lu·
1203 1788 1211 1805 .

95 1862 133 1909 ιιι
151 1861 209 1919 etc,
1027 1932 1029 1940 Α

126 1946 248 2037 Regio
283 1948 390 2035 regi
421 1946 487 2034 (vel
514 1945 654 2014 Gothiae
680 1945 917 2036 meridionalis)
944 1952 1136 2018 terminatur

97 2054 273 2119 tentrionem
300 2073 418 2116 versus
446 2050 579 2138 obliquo
603 2054 758 2129 termino,
784 2049 839 2139 qui
864 2059 1026 2137 contraria
1050 2057 1135 2121 dire-

61 2150 135 2233 ⁴tione
164 2157 363 2220 occidentem
397 2143 516 2216 versus
547 2152 723 2219 adsccndit.
781 2152 899 2240 incipit
931 2152 1017 2222 enlm
1050 2159 1135 2222 infra

61 2244 142 2323 letum
162 2256 382 2322 Calmarieuse
409 2253 476 2339 (vel
502 2255 543 2318 ad
568 2256 646 2320 litus
671 2259 771 2320 maris
794 2255 905 2343 paullo
934 2279 1032 2344 supra
1050 2253 1135 2325 illud

61 2347 142 2423 'retum
164 2382 261 2446 prope
291 2355 512 2442 Monsteri’rs),
546 2360 592 2423 ita
623 2372 659 2422 ut
681 2371 750 2422 tota
777 2357 939 2423 Oelandia
969 2375 1002 2424 et
1029 2360 1134 2425 adhuc

61 2461 131 2542 nagia
151 2460 319 2527 Gotlandia
331 2444 553 2544 excludatur,
581 2473 613 2525 et
636 2461 802 2547 procedit
800 2481 907 2547 supra
926 2454 1092 2527 flumina
1083 2487 1134 2529 m-

61 2556 92 2618 'ra
112 2561 185 2629 idem
212 2564 332 2629 frolurn
361 2565 443 2626 mari
475 2560 668 2639 adfluentia,
713 2560 787 2625 dein
820 2582 919 2649 supra
951 2557 1133 2671 Helgasj'o,

61 2652 200 2729 Vidostem
222 2669 264 2733 ad
288 2664 477 2742 Vernamo,
510 2687 569 2749 per
593 2656 766 2750 Kulltorp,
793 2686 911 2765 supra
914 2662 1056 2732 Boras
1046 2687 1133 2735 mter

61 2756 171 2850 l'lalterg
196 2783 222 2832 et
243 2769 432 2853 Borgstcna
463 2788 565 2853 usque
602 2768 643 2832 ad
668 2765 844 2832 Bahusiam
872 2767 1130 2836 meridionalem.

61 2855 144 2937 luum'
162 2887 262 2936 antem
301 2871 412 2956 Fagus
450 2867 557 2932 solum
589 2883 738 2955 rupestrc
769 2867 935 2956 singulare
968 2875 1130 2958 requirat,

61 2966 87 3031 ic
112 2977 253 3040 terminus
283 2976 390 3059 magis
417 2971 598 3057 inaequalis
624 2993 663 3035 ac
688 2972 832 3035 incertus
858 2992 952 3058 quam
980 2971 1130 3049 Quercus

61 3071 142 3151 radit,
172 3078 252 3140 adeo
285 3089 322 3140 nt
359 3075 399 3138 ad
429 3073 531 3137 latera
559 3067 784 3136 meridionalia
814 3076 971 3140 montium
1000 3095 1056 3140 ex.
1079 3101 1128 3163 gr.

61 3121 163 3353 ῐίιιίιιι
187 3202 291 3274 prope
318 3177 441 3260 Elesjii
467 3194 499 3239 et
524 3177 628 3263 magis
653 3170 749 3238 etiam
778 3179 813 3240 in
836 3193 949 3243 monte
975 3172 1079 3259 illo
1061 3181 1128 3242 siu·
1176 3236 1180 3245 ,

139 3280 228 3347 lucus
258 3270 396 3346 Vettern
404 3201 563 3367 JOmbcrg
587 3300 642 3344 exi
635 3277 710 3343 mia
733 3279 760 3342 F
761 3294 856 3367 ageta
881 3273 1128 3364 exstent*).-··

61 3374 174 3463 ι..

81 3459 97 3538 ¹l
118 3476 224 3530 Directio
250 3479 355 3547 obliqua
375 3483 478 3533 termini
503 3483 643 3550 Faginci
634 3505 686 3551 pam
715 3484 823 3538 imlicata
855 3486 930 3537 etiam
964 3474 1035 3534 extra
1060 3474 1128 3530 Sve-

61 3592 64 3601 ·
105 3563 159 3615 elam
182 3569 348 3617 conlimatur
362 3571 403 3618 vel
418 3574 721 3637 utrinquccontinnatur,
736 3571 977 3640 utico'nspiciturln
994 3559 1127 3618 SedOlbW

101 3642 303 3728 plantageogr.
327 3647 409 3705 atlas
429 3661 449 3706 t.
472 3670 497 3706 ι.
519 3662 549 3706 et
565 3671 597 3728 p.
621 3674 631 3709 ι
637 3657 688 3728 ]5.
706 3674 716 3709 ι
721 3655 772 3729 76.
790 3687 821 3697 -
840 3660 936 3710 Contra
956 3672 1017 3706 vero
1039 3655 1126 3720 ΟΜ·

105 3751 139 3788 αιι
163 3757 250 3792 versura
276 3741 401 3791 orientem
427 3746 511 3811 potius
535 3745 677 3805 adscendit,
709 3748 735 3796 in
758 3747 891 3799 Finlaudia
914 3743 948 3794 nd
967 3738 1125 3821 Bjfitsseb‘llss

107 3838 174 3893 atque
197 3840 223 3878 ct
249 3829 276 3877 ἰιι
295 3840 348 3879 tota
367 3828 418 3880 sere
440 3831 528 3885 Rusaia
546 3833 612 3916 ultro
635 3829 674 3884 60
696 3850 735 3899 gr.
757 3831 800 3884 lat.

61 3916 64 3981 l
177 3919 279 3989 Ftor.
303 3921 399 3988 Svec.
441 3924 668 3992 Introcloctto.
876 3998 878 4003 s
927 3945 956 3988 ⁶·
988 3992 990 3997 .
