2550 4492
94 231 221 283 xxxvnr
377 231 713 287 ooasracros
767 231 928 281 nasa-r

95 439 152 491 sus
167 459 172 469 ·
188 416 375 505 plantarum
406 418 731 485 diversisssimarom.
797 413 913 501 Aquae
944 427 1118 499 praeterea

94 526 187 614 priae
220 519 400 596 centralos,
429 533 465 585 ut
495 539 609 587 ornnes
641 521 780 595 ocinus,
816 516 951 586 lacubus
985 517 1053 581 illis
1078 541 1129 582 ma

95 619 361 703 memorabilibus
374 619 532 691 Malaroo
546 633 579 683 et
593 619 784 702 Hjalroaren
800 621 1050 696 constituuntur,
1065 643 1129 685 acc«

97 725 185 796 tibus
207 724 285 789 inde
310 721 528 791 dilabentibus
553 720 672 789 fluviis.
710 719 803 802 Quae
826 742 942 792 versos
965 726 1129 806 septenni«

95 832 195 913 juxta
222 822 284 889 hos
308 824 399 893 lacus
423 828 504 888 sitae
531 837 607 887 sunt
630 827 819 913 provinciae
833 823 935 892 multo
950 822 1086 891 latiores
1103 839 1129 894 ot

98 952 152 994 res
181 949 256 996 esse
282 930 499 1012 reperiuntur,
525 948 621 1013 quarn
650 948 734 1012 quaa
756 927 980 996 rad-meridiem
995 928 1124 1003 adsunt,

100 1029 282 1100 naturalem
300 1073 303 1077 .
318 1029 360 1099 ob
387 1047 536 1104 causam,
578 1029 666 1114 quod
700 1051 802 1116 aquae
835 1031 1016 1115 generatim
1045 1030 1126 1101 inS

100 1146 170 1202 tota
195 1135 299 1216 magis
324 1154 345 1195 a
364 1133 586 1217 septentrione
613 1128 774 1201 defluunt..
970 1195 973 1207 ,

204 1232 417 1320 Uplandia
443 1236 527 1302 sieut
550 1235 720 1317 provincia
743 1235 886 1303 maxime
908 1233 1097 1312 orientalis,
1124 1259 1129 1301 t

30 1382 31 1385 κ
103 1337 341 1424 quodammodo
377 1335 598 1427 peninsularis
637 1349 687 1411 et,
729 1349 766 1411 ut
805 1337 1090 1420 supradiximus,
1128 1376 1129 1384 κ

102 1440 191 1508 delta
230 1438 383 1515 fluminis¹
412 1435 627 1515 Delmatici,
664 1437 746 1506 hinc>
772 1440 870 1503 etiarn
903 1443 1048 1511 omnium
1079 1463 1129 1504 rna

104 1544 312 1627 campestria,
352 1541 431 1617 ‚lere
477 1539 628 1617 alteram.
664 1539 813 1607 Scaniam
859 1544 1038 1610 constituit.
1112 1541 1129 1605 t

47 1656 50 1660 ’
81 1665 182 1727 ¹suas
207 1642 382 1736 plerasque
406 1643 448 1712 ad
471 1640 642 1727 Upsaliam
664 1655 816 1737 tanquam
843 1656 989 1711 centrum
1015 1668 1129 1734 suae]

80 1732 164 1816 ⁴tiai
190 1745 316 1832 colligit
342 1758 376 1808 ot
404 1745 479 1836 dein
506 1743 593 1809 lacui
617 1748 750 1830 proprio
780 1744 887 1813 Ekoln
914 1746 1001 1809 dicto
1026 1749 1125 1815 insert

106 1850 248 1933 (lenique
274 1870 346 1921 curn
360 1846 434 1911 lacu
449 1845 608 1914 -Malaren
628 1848 780 1933 jungitur
802 1849 872 1917 fera
901 1847 959 1922 tali
982 1849 1069 1918 freto
1095 1874 1129 1915 ao

105 1951 199 2017 laren
233 1972 312 2014 curna
337 1938 429 2018 inari.
482 1947 657 2034 vegetatio
691 1952 764 2034 ejus
800 1971 928 2036 quoque
963 1973 1060 2036 quarn
1083 1976 1129 2018 rna

37 2103 54 2135 4
109 2051 279 2120 orientalis
320 2073 393 2123 oum
428 2048 573 2120 Salvia
608 2057 818 2136 pratensi,
857 2053 1052 2130 Furnaria
1087 2079 1129 2141 pa

58 2228 59 2233 η
107 2155 234 2226 flora
255 2168 334 2232 eta,
376 2175 511 2246 quarum
552 2155 676 2224 sirriler
711 2157 821 2244 potius
853 2157 889 2224 in
917 2155 1036 2222 insulis
1065 2179 1129 2243 opp

107 2257 206 2343 Dagii
242 2271 275 2324 et
308 2243 392 2325 Osel
422 2257 622 2348 Estoniaque
652 2258 856 2354 quaerendae
883 2277 978 2344 quarn
1006 2261 1041 2328 in
1068 2260 1129 2324 ulla

107 2362 279 2453 provincia
311 2360 440 2445 Sveaici
469 2361 579 2444 regni3
621 2380 703 2425 neo
712 2361 813 2446 igitur
844 2359 954 2445 credat
987 2365 1129 2446 quis,o

30 2482 35 2499 ‘
109 2463 239 2554 plantas
266 2463 443 2545 ameriaia
469 2484 528 2547 per
553 2461 704 2530 Scaniarn
725 2465 867 2531 venisse.
919 2459 970 2529 Ab
997 2464 1129 2531 oriontal

110 2566 210 2653 plaga
233 2567 326 2650 quasi
340 2565 526 2633 ‘advenisse
553 2585 688 2650 quoque·
704 2565 855 2633 videntur
879 2563 1129 2639 Scutallaria

4 2658 7 2667 ’
112 2665 302 2744 stifolia,
340 2666 552 2730 Lavatera«
582 2665 863 2752 thuringiaca.
923 2663 1129 2739 Ceterurnrr

7 2825 8 2829 ,
113 2763 245 2858 plantae
276 2781 472 2854 campestres
497 2767 571 2832 heic
598 2772 691 2854 quasi
721 2770 763 2837 ad
785 2771 955 2837 terminum
981 2792 1078 2849 suurn
1103 2794 1129 2835 st

33 2908 40 2914 ·
113 2871 288 2941 trionalern
313 2883 531 2958 aggregantur
560 2872 643 2941 sicut
669 2873 874 2956 Fragaria
902 2869 1085 2950 collina,
1115 2874 1129 2944 I

114 2974 414 3061 galacomosa,
441 3044 442 3051 χ
470 2971 639 3055 Quatenus
668 2972 909 3058 Epilobiurn
934 2974 1128 3046 rivulare

116 3077 320 3146 solummodo
349 3080 526 3160 reperitur,
555 3079 662 3145 minus
688 3088 812 3144 eertum
837 3078 976 3146 videtur.

218 3178 495 3248 Vestrnannia
529 3200 641 3244 ornnes
669 3188 745 3246 suas
771 3201 872 3269 aquas
899 3201 919 3247 a
946 3185 1129 3290 septentrio

115 3282 267 3353 Maleren
295 3283 401 3366 tnagis
435 3282 557 3357 directa
589 3281 746 3366 perducit.
806 3281 1003 3350 Praesertim
1028 3284 1129 3368 major

114 3401 152 3480 et
181 3388 286 3469 magis
309 3386 499 3468 oarnpestris
524 3405 611 3468 pars,
644 3405 741 3468 supra
769 3382 918 3452 Malaren
945 3388 1019 3462 sita,
1047 3384 1129 3471 Upla

118 3509 186 3555 non
223 3486 319 3553 valdo
353 3473 537 3564 dissimilis,
571 3489 655 3556 nisi
670 3487 774 3556 adhuc
802 3490 906 3571 magis
939 3486 1094 3552 lacustris

116 3591 189 3668 sed
205 3588 447 3669 occidentalis
428 3592 512 3673 ejas
539 3591 683 3652 accessio
707 3612 821 3675 aquam
843 3611 903 3674 per
918 3588 1084 3675 Amsaga-⁰
1070 3615 1089 3654 a
1104 3615 1129 3656 rr

119 3695 225 3777 magis
254 3706 421 3773 montosa,
454 3706 593 3760 attamen
627 3713 692 3755 non
727 3695 772 3755 ita
798 3705 834 3757 ut
859 3690 1092 3759 Vermlandiae
1119 3718 1129 3759 s

122 3795 248 3877 evadat,
274 3817 385 3871 verum
411 3798 523 3881 patim
544 3792 763 3874 Dalecarliarn
785 3808 934 3884 respectu
962 3794 1028 3864 soli
1051 3810 1126 3866 etv

124 3898 224 3970 tionis
248 3898 377 3968 reserat.
480 3914 482 3918 ‘
