<?xml version="1.0" encoding="UTF-8"?>
<!DOCTYPE html PUBLIC "-//W3C//DTD XHTML 1.0 Transitional//EN"
    "http://www.w3.org/TR/xhtml1/DTD/xhtml1-transitional.dtd">
<html xmlns="http://www.w3.org/1999/xhtml" xml:lang="en" lang="en">
 <head>
  <title>
</title>
<meta http-equiv="Content-Type" content="text/html;charset=utf-8" />
  <meta name='ocr-system' content='tesseract 3.04.00' />
  <meta name='ocr-capabilities' content='ocr_page ocr_carea ocr_par ocr_line ocrx_word'/>
</head>
<body>
  <div class='ocr_page' id='page_1' title='image "./florasuecicaenu00wahlgoog/florasuecicaenu00wahlgoog_0033.png"; bbox 0 0 2542 4500; ppageno 0'>
   <div class='ocr_carea' id='block_1_1' title="bbox 132 252 881 316">
    <p class='ocr_par' dir='ltr' id='par_1_1' title="bbox 132 252 881 316">
     <span class='ocr_line' id='line_1_1' title="bbox 132 252 881 316; baseline -0.001 -1"><span class='ocrx_word' id='word_1_1' title='bbox 132 273 262 316; x_wconf 81' lang='lat' dir='ltr'>xrrv.</span> <span class='ocrx_word' id='word_1_2' title='bbox 416 298 419 303; x_wconf 83' lang='lat'><em>.</em></span> <span class='ocrx_word' id='word_1_3' title='bbox 500 270 655 314; x_wconf 71' lang='lat' dir='ltr'>nrrro</span> <span class='ocrx_word' id='word_1_4' title='bbox 697 252 881 315; x_wconf 80' lang='lat' dir='ltr'>cernis</span> 
     </span>
    </p>
   </div>
   <div class='ocr_carea' id='block_1_2' title="bbox 134 400 1232 540">
    <p class='ocr_par' dir='ltr' id='par_1_2' title="bbox 134 400 1232 540">
     <span class='ocr_line' id='line_1_2' title="bbox 1120 400 1127 427; baseline 0 0"><span class='ocrx_word' id='word_1_5' title='bbox 1120 400 1127 427; x_wconf 85' lang='lat' dir='ltr'>t</span> 
     </span>
     <span class='ocr_line' id='line_1_3' title="bbox 134 457 1232 540; baseline -0.002 -20"><span class='ocrx_word' id='word_1_6' title='bbox 134 457 245 520; x_wconf 83' lang='lat' dir='ltr'>forsan</span> <span class='ocrx_word' id='word_1_7' title='bbox 287 475 352 517; x_wconf 88' lang='lat' dir='ltr'>non</span> <span class='ocrx_word' id='word_1_8' title='bbox 391 465 520 523; x_wconf 78' lang='lat' dir='ltr'>sextam</span> <span class='ocrx_word' id='word_1_9' title='bbox 551 466 676 540; x_wconf 80' lang='lat' dir='ltr'>partem</span> <span class='ocrx_word' id='word_1_10' title='bbox 711 457 858 540; x_wconf 86' lang='lat' dir='ltr'>recipere</span> <span class='ocrx_word' id='word_1_11' title='bbox 888 475 1039 540; x_wconf 84' lang='lat' dir='ltr'>possem,</span> <span class='ocrx_word' id='word_1_12' title='bbox 1083 469 1116 520; x_wconf 87' lang='lat' dir='ltr'>et</span> <span class='ocrx_word' id='word_1_13' title='bbox 1145 469 1232 520; x_wconf 82' lang='lat' dir='ltr'>tamer</span> 
     </span>
    </p>
   </div>
   <div class='ocr_carea' id='block_1_3' title="bbox 33 550 1261 2280">
    <p class='ocr_par' dir='ltr' id='par_1_3' title="bbox 33 550 1261 1772">
     <span class='ocr_line' id='line_1_4' title="bbox 33 550 1233 642; baseline -0.002 -20"><span class='ocrx_word' id='word_1_14' title='bbox 33 550 39 559; x_wconf 54' lang='grc'><strong><em>”</em></strong></span> <span class='ocrx_word' id='word_1_15' title='bbox 105 552 108 559; x_wconf 63' lang='grc'>’</span> <span class='ocrx_word' id='word_1_16' title='bbox 135 566 215 622; x_wconf 82' lang='lat' dir='ltr'>haec</span> <span class='ocrx_word' id='word_1_17' title='bbox 242 577 319 642; x_wconf 84' lang='lat' dir='ltr'>pars</span> <span class='ocrx_word' id='word_1_18' title='bbox 344 554 419 619; x_wconf 84' lang='lat' dir='ltr'>libri</span> <span class='ocrx_word' id='word_1_19' title='bbox 443 558 534 640; x_wconf 88' lang='lat' dir='ltr'>justo</span> <span class='ocrx_word' id='word_1_20' title='bbox 560 558 665 639; x_wconf 83' lang='lat' dir='ltr'>major</span> <span class='ocrx_word' id='word_1_21' title='bbox 687 560 834 620; x_wconf 85' lang='lat' dir='ltr'>evasisse</span> <span class='ocrx_word' id='word_1_22' title='bbox 864 559 1001 621; x_wconf 88' lang='lat' dir='ltr'>videtur.</span> <span class='ocrx_word' id='word_1_23' title='bbox 1053 557 1149 642; x_wconf 84' lang='lat' dir='ltr'>Elegi</span> <span class='ocrx_word' id='word_1_24' title='bbox 1172 578 1233 622; x_wconf 87' lang='lat' dir='ltr'>vero</span> 
     </span>
     <span class='ocr_line' id='line_1_5' title="bbox 134 656 1235 746; baseline -0.004 -20"><span class='ocrx_word' id='word_1_25' title='bbox 134 663 253 745; x_wconf 86' lang='lat' dir='ltr'>fungos</span> <span class='ocrx_word' id='word_1_26' title='bbox 279 656 343 721; x_wconf 75' lang='lat' dir='ltr'>¹vel</span> <span class='ocrx_word' id='word_1_27' title='bbox 375 678 437 721; x_wconf 89' lang='lat' dir='ltr'>usu</span> <span class='ocrx_word' id='word_1_28' title='bbox 474 657 527 722; x_wconf 85' lang='lat' dir='ltr'>vel</span> <span class='ocrx_word' id='word_1_29' title='bbox 558 660 782 745; x_wconf 79' lang='lat' dir='ltr'>magnitudine</span> <span class='ocrx_word' id='word_1_30' title='bbox 816 659 881 740; x_wconf 46' lang='lat' dir='ltr'>vel,</span> <span class='ocrx_word' id='word_1_31' title='bbox 896 659 1079 746; x_wconf 76' lang='lat' dir='ltr'>frequentia</span> <span class='ocrx_word' id='word_1_32' title='bbox 1112 682 1172 723; x_wconf 85' lang='lat' dir='ltr'>sua</span> <span class='ocrx_word' id='word_1_33' title='bbox 1198 657 1235 723; x_wconf 83' lang='lat' dir='ltr'>rel</span> 
     </span>
     <span class='ocr_line' id='line_1_6' title="bbox 134 758 1237 849; baseline -0.005 -20"><span class='ocrx_word' id='word_1_34' title='bbox 134 764 275 849; x_wconf 79' lang='lat' dir='ltr'>ilcnique</span> <span class='ocrx_word' id='word_1_35' title='bbox 309 761 474 827; x_wconf 89' lang='lat' dir='ltr'>evidentia</span> <span class='ocrx_word' id='word_1_36' title='bbox 510 782 570 824; x_wconf 83' lang='lat' dir='ltr'>sue</span> <span class='ocrx_word' id='word_1_37' title='bbox 602 761 638 825; x_wconf 91' lang='lat' dir='ltr'>in</span> <span class='ocrx_word' id='word_1_38' title='bbox 671 758 846 844; x_wconf 81' lang='lat' dir='ltr'>systemate</span> <span class='ocrx_word' id='word_1_39' title='bbox 875 762 960 846; x_wconf 84' lang='lat' dir='ltr'>apud</span> <span class='ocrx_word' id='word_1_40' title='bbox 987 783 1049 826; x_wconf 92' lang='lat' dir='ltr'>nos</span> <span class='ocrx_word' id='word_1_41' title='bbox 1081 765 1117 826; x_wconf 92' lang='lat' dir='ltr'>in</span> <span class='ocrx_word' id='word_1_42' title='bbox 1141 761 1237 827; x_wconf 86' lang='lat' dir='ltr'>Svecir</span> 
     </span>
     <span class='ocr_line' id='line_1_7' title="bbox 136 865 1241 947; baseline -0.004 -17"><span class='ocrx_word' id='word_1_43' title='bbox 136 865 244 931; x_wconf 86' lang='lat' dir='ltr'>media</span> <span class='ocrx_word' id='word_1_44' title='bbox 277 865 496 947; x_wconf 80' lang='lat' dir='ltr'>insigniores,</span> <span class='ocrx_word' id='word_1_45' title='bbox 538 875 571 925; x_wconf 90' lang='lat' dir='ltr'>et</span> <span class='ocrx_word' id='word_1_46' title='bbox 597 865 649 926; x_wconf 85' lang='lat' dir='ltr'>sic&#39;</span> <span class='ocrx_word' id='word_1_47' title='bbox 672 885 742 941; x_wconf 89' lang='lat' dir='ltr'>me,</span> <span class='ocrx_word' id='word_1_48' title='bbox 782 865 908 926; x_wconf 87' lang='lat' dir='ltr'>etiarnsi</span> <span class='ocrx_word' id='word_1_49' title='bbox 940 866 1117 942; x_wconf 87' lang='lat' dir='ltr'>minorem,</span> <span class='ocrx_word' id='word_1_50' title='bbox 1150 877 1241 929; x_wconf 82' lang='lat' dir='ltr'>ternu¹</span> 
     </span>
     <span class='ocr_line' id='line_1_8' title="bbox 44 962 1239 1055; baseline -0.001 -24"><span class='ocrx_word' id='word_1_51' title='bbox 44 1046 47 1055; x_wconf 16' lang='lat' dir='ltr'>k</span> <span class='ocrx_word' id='word_1_52' title='bbox 138 965 235 1031; x_wconf 79' lang='lat' dir='ltr'>uobis</span> <span class='ocrx_word' id='word_1_53' title='bbox 263 963 380 1028; x_wconf 83' lang='lat' dir='ltr'>saltem</span> <span class='ocrx_word' id='word_1_54' title='bbox 407 962 578 1029; x_wconf 89' lang='lat' dir='ltr'>meliorem</span> <span class='ocrx_word' id='word_1_55' title='bbox 605 964 660 1036; x_wconf 87' lang='lat' dir='ltr'>vel</span> <span class='ocrx_word' id='word_1_56' title='bbox 682 968 786 1052; x_wconf 82' lang='lat' dir='ltr'>magis</span> <span class='ocrx_word' id='word_1_57' title='bbox 808 969 1028 1031; x_wconf 85' lang='lat' dir='ltr'>necessariam</span> <span class='ocrx_word' id='word_1_58' title='bbox 1053 980 1183 1053; x_wconf 82' lang='lat' dir='ltr'>partem</span> <span class='ocrx_word' id='word_1_59' title='bbox 1201 987 1239 1030; x_wconf 91' lang='lat' dir='ltr'>eo·</span> 
     </span>
     <span class='ocr_line' id='line_1_9' title="bbox 137 1060 1240 1155; baseline -0.007 -18"><span class='ocrx_word' id='word_1_60' title='bbox 137 1091 209 1137; x_wconf 82' lang='lat' dir='ltr'>rum</span> <span class='ocrx_word' id='word_1_61' title='bbox 233 1060 430 1152; x_wconf 86' lang='lat' dir='ltr'>exposuisse</span> <span class='ocrx_word' id='word_1_62' title='bbox 456 1089 564 1154; x_wconf 84' lang='lat' dir='ltr'>spero.</span> <span class='ocrx_word' id='word_1_63' title='bbox 593 1065 678 1132; x_wconf 85' lang='lat' dir='ltr'>Nec</span> <span class='ocrx_word' id='word_1_64' title='bbox 696 1090 811 1153; x_wconf 86' lang='lat' dir='ltr'>parum</span> <span class='ocrx_word' id='word_1_65' title='bbox 830 1070 977 1154; x_wconf 84' lang='lat' dir='ltr'>insignes</span> <span class='ocrx_word' id='word_1_66' title='bbox 993 1082 1026 1133; x_wconf 91' lang='lat' dir='ltr'>et</span> <span class='ocrx_word' id='word_1_67' title='bbox 1038 1073 1167 1155; x_wconf 87' lang='lat' dir='ltr'>proprii</span> <span class='ocrx_word' id='word_1_68' title='bbox 1185 1088 1240 1134; x_wconf 83' lang='lat' dir='ltr'>esu</span> 
     </span>
     <span class='ocr_line' id='line_1_10' title="bbox 55 1162 1244 1260; baseline -0.001 -23"><span class='ocrx_word' id='word_1_69' title='bbox 55 1213 60 1237; x_wconf 85' lang='lat' dir='ltr'>t</span> <span class='ocrx_word' id='word_1_70' title='bbox 137 1173 288 1237; x_wconf 81' lang='lat' dir='ltr'>videntur</span> <span class='ocrx_word' id='word_1_71' title='bbox 312 1170 419 1255; x_wconf 84' lang='lat' dir='ltr'>Fungi</span> <span class='ocrx_word' id='word_1_72' title='bbox 445 1173 528 1235; x_wconf 84' lang='lat' dir='ltr'>varii</span> <span class='ocrx_word' id='word_1_73' title='bbox 553 1183 684 1233; x_wconf 88' lang='lat' dir='ltr'>nostrae</span> <span class='ocrx_word' id='word_1_74' title='bbox 709 1169 861 1234; x_wconf 81' lang='lat' dir='ltr'>centralis</span> <span class='ocrx_word' id='word_1_75' title='bbox 876 1162 1045 1256; x_wconf 52' lang='lat' dir='ltr'>regionis</span> <span class='ocrx_word' id='word_1_76' title='bbox 1061 1185 1094 1236; x_wconf 93' lang='lat' dir='ltr'>et</span> <span class='ocrx_word' id='word_1_77' title='bbox 1116 1175 1244 1260; x_wconf 63' lang='lat' dir='ltr'>quiden,</span> 
     </span>
     <span class='ocr_line' id='line_1_11' title="bbox 138 1271 1261 1360; baseline 0.002 -21"><span class='ocrx_word' id='word_1_78' title='bbox 138 1286 174 1339; x_wconf 92' lang='lat' dir='ltr'>ut</span> <span class='ocrx_word' id='word_1_79' title='bbox 195 1274 334 1350; x_wconf 87' lang='lat' dir='ltr'>videtur,</span> <span class='ocrx_word' id='word_1_80' title='bbox 356 1275 436 1360; x_wconf 85' lang='lat' dir='ltr'>quia</span> <span class='ocrx_word' id='word_1_81' title='bbox 460 1275 496 1336; x_wconf 91' lang='lat' dir='ltr'>in</span> <span class='ocrx_word' id='word_1_82' title='bbox 522 1271 623 1359; x_wconf 84' lang='lat' dir='ltr'>sylvis</span> <span class='ocrx_word' id='word_1_83' title='bbox 642 1275 748 1360; x_wconf 89' lang='lat' dir='ltr'>pineis</span> <span class='ocrx_word' id='word_1_84' title='bbox 766 1276 920 1337; x_wconf 79' lang='lat' dir='ltr'>maximis</span> <span class='ocrx_word' id='word_1_85' title='bbox 941 1276 1088 1358; x_wconf 82' lang='lat' dir='ltr'>regionis</span> <span class='ocrx_word' id='word_1_86' title='bbox 1116 1277 1261 1341; x_wconf 74' lang='lat' dir='ltr'>omniun,</span> 
     </span>
     <span class='ocr_line' id='line_1_12' title="bbox 140 1367 1235 1465; baseline -0.003 -22"><span class='ocrx_word' id='word_1_87' title='bbox 140 1377 329 1465; x_wconf 79' lang='lat' dir='ltr'>ceteroquin</span> <span class='ocrx_word' id='word_1_88' title='bbox 352 1375 495 1443; x_wconf 81' lang='lat' dir='ltr'>maxime</span> <span class='ocrx_word' id='word_1_89' title='bbox 515 1377 703 1463; x_wconf 85' lang='lat' dir='ltr'>campestris</span> <span class='ocrx_word' id='word_1_90' title='bbox 720 1377 787 1441; x_wconf 84' lang='lat' dir='ltr'>nati</span> <span class='ocrx_word' id='word_1_91' title='bbox 803 1388 888 1438; x_wconf 87' lang='lat' dir='ltr'>sunt.</span> <span class='ocrx_word' id='word_1_92' title='bbox 921 1375 1016 1442; x_wconf 83' lang='lat' dir='ltr'>Haec</span> <span class='ocrx_word' id='word_1_93' title='bbox 1030 1367 1166 1462; x_wconf 81' lang='lat' dir='ltr'>&#39;plenius</span> <span class='ocrx_word' id='word_1_94' title='bbox 1184 1400 1205 1464; x_wconf 90' lang='lat' dir='ltr'>p</span> <span class='ocrx_word' id='word_1_95' title='bbox 1232 1448 1235 1453; x_wconf 52' lang='grc'><strong>,</strong></span> 
     </span>
     <span class='ocr_line' id='line_1_13' title="bbox 138 1468 1236 1567; baseline 0.001 -25"><span class='ocrx_word' id='word_1_96' title='bbox 138 1500 264 1567; x_wconf 84' lang='lat' dir='ltr'>ponere</span> <span class='ocrx_word' id='word_1_97' title='bbox 290 1499 465 1566; x_wconf 75' lang='lat' dir='ltr'>qucrnea,</span> <span class='ocrx_word' id='word_1_98' title='bbox 493 1499 575 1565; x_wconf 83' lang='lat' dir='ltr'>quae</span> <span class='ocrx_word' id='word_1_99' title='bbox 601 1501 620 1540; x_wconf 86' lang='lat' dir='ltr'>a</span> <span class='ocrx_word' id='word_1_100' title='bbox 642 1475 739 1542; x_wconf 91' lang='lat' dir='ltr'>nobis</span> <span class='ocrx_word' id='word_1_101' title='bbox 766 1477 898 1563; x_wconf 87' lang='lat' dir='ltr'>longius</span> <span class='ocrx_word' id='word_1_102' title='bbox 924 1491 1050 1543; x_wconf 87' lang='lat' dir='ltr'>remota</span> <span class='ocrx_word' id='word_1_103' title='bbox 1076 1493 1169 1560; x_wconf 83' lang='lat' dir='ltr'>sunt,</span> <span class='ocrx_word' id='word_1_104' title='bbox 1194 1468 1236 1543; x_wconf 78' lang='lat' dir='ltr'>n¹</span> 
     </span>
     <span class='ocr_line' id='line_1_14' title="bbox 141 1576 1254 1668; baseline 0 -21"><span class='ocrx_word' id='word_1_105' title='bbox 141 1581 305 1657; x_wconf 81' lang='lat' dir='ltr'>dubitavi,</span> <span class='ocrx_word' id='word_1_106' title='bbox 332 1601 478 1666; x_wconf 85' lang='lat' dir='ltr'>semper,</span> <span class='ocrx_word' id='word_1_107' title='bbox 509 1580 637 1666; x_wconf 86' lang='lat' dir='ltr'>quando</span> <span class='ocrx_word' id='word_1_108' title='bbox 663 1576 772 1661; x_wconf 84' lang='lat' dir='ltr'>omnia</span> <span class='ocrx_word' id='word_1_109' title='bbox 799 1602 866 1644; x_wconf 95' lang='lat' dir='ltr'>non</span> <span class='ocrx_word' id='word_1_110' title='bbox 887 1594 1054 1668; x_wconf 78' lang='lat' dir='ltr'>praestare</span> <span class='ocrx_word' id='word_1_111' title='bbox 1077 1585 1254 1668; x_wconf 83' lang='lat' dir='ltr'>potuerint,</span> 
     </span>
     <span class='ocr_line' id='line_1_15' title="bbox 142 1682 1158 1772; baseline 0.002 -23"><span class='ocrx_word' id='word_1_112' title='bbox 142 1705 182 1749; x_wconf 84' lang='lat' dir='ltr'>ea</span> <span class='ocrx_word' id='word_1_113' title='bbox 205 1682 349 1768; x_wconf 87' lang='lat' dir='ltr'>eligens,</span> <span class='ocrx_word' id='word_1_114' title='bbox 374 1703 458 1771; x_wconf 83' lang='lat' dir='ltr'>quae</span> <span class='ocrx_word' id='word_1_115' title='bbox 482 1695 594 1746; x_wconf 88' lang='lat' dir='ltr'>centro</span> <span class='ocrx_word' id='word_1_116' title='bbox 623 1684 718 1768; x_wconf 86' lang='lat' dir='ltr'>regni</span> <span class='ocrx_word' id='word_1_117' title='bbox 741 1685 847 1768; x_wconf 82' lang='lat' dir='ltr'>magis</span> <span class='ocrx_word' id='word_1_118' title='bbox 876 1697 988 1749; x_wconf 86' lang='lat' dir='ltr'>essent</span> <span class='ocrx_word' id='word_1_119' title='bbox 1012 1687 1158 1772; x_wconf 84' lang='lat' dir='ltr'>propria.</span> 
     </span>
    </p>

    <p class='ocr_par' dir='ltr' id='par_1_4' title="bbox 143 1780 1261 2280">
     <span class='ocr_line' id='line_1_16' title="bbox 244 1780 1259 1872; baseline -0.001 -23"><span class='ocrx_word' id='word_1_120' title='bbox 244 1784 347 1849; x_wconf 82' lang='lat' dir='ltr'>Hisce</span> <span class='ocrx_word' id='word_1_121' title='bbox 390 1784 541 1853; x_wconf 85' lang='lat' dir='ltr'>omnibns</span> <span class='ocrx_word' id='word_1_122' title='bbox 581 1785 709 1864; x_wconf 89' lang='lat' dir='ltr'>studui,</span> <span class='ocrx_word' id='word_1_123' title='bbox 758 1799 913 1872; x_wconf 81' lang='lat' dir='ltr'>quantum</span> <span class='ocrx_word' id='word_1_124' title='bbox 941 1780 1060 1872; x_wconf 72' lang='lat' dir='ltr'>potui,</span> <span class='ocrx_word' id='word_1_125' title='bbox 1100 1787 1259 1872; x_wconf 72' lang='lat' dir='ltr'>prodesse</span> 
     </span>
     <span class='ocr_line' id='line_1_17' title="bbox 143 1884 1261 1976; baseline -0.004 -23"><span class='ocrx_word' id='word_1_126' title='bbox 143 1884 449 1966; x_wconf 81' lang='lat' dir='ltr'>Commilitonibus‚</span> <span class='ocrx_word' id='word_1_127' title='bbox 488 1885 625 1955; x_wconf 78' lang='lat' dir='ltr'>Civibus</span> <span class='ocrx_word' id='word_1_128' title='bbox 654 1889 838 1976; x_wconf 78' lang='lat' dir='ltr'>ceterisque</span> <span class='ocrx_word' id='word_1_129' title='bbox 861 1901 997 1954; x_wconf 83' lang='lat' dir='ltr'>naturae</span> <span class='ocrx_word' id='word_1_130' title='bbox 1020 1887 1261 1955; x_wconf 68' lang='lat' dir='ltr'>scrutatoribus</span> 
     </span>
     <span class='ocr_line' id='line_1_18' title="bbox 146 1988 1261 2077; baseline -0.004 -21"><span class='ocrx_word' id='word_1_131' title='bbox 146 2004 178 2056; x_wconf 91' lang='lat' dir='ltr'>et</span> <span class='ocrx_word' id='word_1_132' title='bbox 206 1990 387 2069; x_wconf 75' lang='lat' dir='ltr'>Studiosis,</span> <span class='ocrx_word' id='word_1_133' title='bbox 426 1988 543 2077; x_wconf 83' lang='lat' dir='ltr'>quibus</span> <span class='ocrx_word' id='word_1_134' title='bbox 570 2002 608 2055; x_wconf 89' lang='lat' dir='ltr'>ut</span> <span class='ocrx_word' id='word_1_135' title='bbox 642 1993 810 2077; x_wconf 84' lang='lat' dir='ltr'>contingat</span> <span class='ocrx_word' id='word_1_136' title='bbox 845 2003 961 2059; x_wconf 81' lang='lat' dir='ltr'>natura</span> <span class='ocrx_word' id='word_1_137' title='bbox 990 1993 1111 2077; x_wconf 88' lang='lat' dir='ltr'>optime</span> <span class='ocrx_word' id='word_1_138' title='bbox 1141 1994 1203 2057; x_wconf 88' lang='lat' dir='ltr'>frui</span> <span class='ocrx_word' id='word_1_139' title='bbox 1221 1997 1261 2052; x_wconf 88' lang='lat' dir='ltr'>et</span> 
     </span>
     <span class='ocr_line' id='line_1_19' title="bbox 143 2094 1261 2185; baseline 0 -27"><span class='ocrx_word' id='word_1_140' title='bbox 143 2114 272 2159; x_wconf 86' lang='lat' dir='ltr'>mecum</span> <span class='ocrx_word' id='word_1_141' title='bbox 295 2094 458 2178; x_wconf 82' lang='lat' dir='ltr'>gaudere,</span> <span class='ocrx_word' id='word_1_142' title='bbox 494 2095 622 2157; x_wconf 89' lang='lat' dir='ltr'>sincere</span> <span class='ocrx_word' id='word_1_143' title='bbox 647 2106 744 2177; x_wconf 87' lang='lat' dir='ltr'>opto,</span> <span class='ocrx_word' id='word_1_144' title='bbox 771 2106 805 2157; x_wconf 90' lang='lat' dir='ltr'>et</span> <span class='ocrx_word' id='word_1_145' title='bbox 829 2116 911 2183; x_wconf 87' lang='lat' dir='ltr'>quos</span> <span class='ocrx_word' id='word_1_146' title='bbox 940 2097 988 2160; x_wconf 85' lang='lat' dir='ltr'>sic</span> <span class='ocrx_word' id='word_1_147' title='bbox 1014 2117 1142 2185; x_wconf 84' lang='lat' dir='ltr'>quoque</span> <span class='ocrx_word' id='word_1_148' title='bbox 1166 2111 1261 2179; x_wconf 71' lang='lat' dir='ltr'>rogo-</span> 
     </span>
     <span class='ocr_line' id='line_1_20' title="bbox 148 2195 810 2280; baseline 0 -19"><span class='ocrx_word' id='word_1_149' title='bbox 148 2208 200 2261; x_wconf 87' lang='lat' dir='ltr'>tos</span> <span class='ocrx_word' id='word_1_150' title='bbox 225 2195 321 2274; x_wconf 90' lang='lat' dir='ltr'>volo,</span> <span class='ocrx_word' id='word_1_151' title='bbox 354 2214 429 2259; x_wconf 85' lang='lat' dir='ltr'>meo</span> <span class='ocrx_word' id='word_1_152' title='bbox 461 2206 497 2258; x_wconf 89' lang='lat' dir='ltr'>ut</span> <span class='ocrx_word' id='word_1_153' title='bbox 519 2197 612 2280; x_wconf 87' lang='lat' dir='ltr'>operi</span> <span class='ocrx_word' id='word_1_154' title='bbox 638 2195 779 2261; x_wconf 80' lang='lat' dir='ltr'>faveant</span> <span class='ocrx_word' id='word_1_155' title='bbox 806 2206 810 2215; x_wconf 89' lang='lat'>&#39;</span> 
     </span>
    </p>
   </div>
   <div class='ocr_carea' id='block_1_4' title="bbox 299 2385 972 2505">
    <p class='ocr_par' dir='ltr' id='par_1_5' title="bbox 299 2385 972 2505">
     <span class='ocr_line' id='line_1_21' title="bbox 299 2385 972 2505; baseline 0.006 -22"><span class='ocrx_word' id='word_1_156' title='bbox 299 2385 493 2505; x_wconf 31' lang='lat' dir='ltr'>Up&#39;soliae</span> <span class='ocrx_word' id='word_1_157' title='bbox 521 2442 636 2490; x_wconf 81' lang='lat' dir='ltr'>mense</span> <span class='ocrx_word' id='word_1_158' title='bbox 663 2421 832 2491; x_wconf 85' lang='lat' dir='ltr'>Februarii</span> <span class='ocrx_word' id='word_1_159' title='bbox 865 2428 972 2492; x_wconf 79' lang='lat'>1826.</span> 
     </span>
    </p>
   </div>
   <div class='ocr_carea' id='block_1_5' title="bbox 0 0 1309 4500">
    <p class='ocr_par' dir='ltr' id='par_1_6' title="bbox 0 0 1309 4500">
     <span class='ocr_line' id='line_1_22' title="bbox 0 0 1309 4500; baseline 0 0"><span class='ocrx_word' id='word_1_160' title='bbox 0 0 1309 4500; x_wconf 95' lang='lat' dir='ltr'> </span> 
     </span>
    </p>
   </div>
  </div>
 </body>
</html>
