2550 4492
215 299 559 352 COMPBCTUS
609 298 765 347 REM!
973 298 1046 349 ml

77 483 236 559 evadant3
262 483 321 551 sed
345 483 429 568 apud
451 504 512 547 nos
537 485 651 549 contri
666 480 824 571 regiones
843 498 1043 572 campestres

78 584 212 673 aiiores
234 598 324 651 tanto
344 599 448 651 tractu
474 584 637 668 sylvarum
661 589 917 653 vastissimarum
940 586 980 653 nb
996 586 1045 654 al·

77 690 190 768 nstris,
224 690 260 751 in
284 685 386 753 altera
405 674 619 778 oppositaqn'e
648 701 681 753 et
702 690 921 755 remotissima
948 703 1042 774 parte

77 792 167 889 sitis,
201 791 450 879 disjunguntur,
485 803 522 854 ut
549 788 639 855 nulla
664 792 912 856 communicatio
937 794 1043 859 conti-

77 915 108 959 er
147 890 226 957 illas
259 890 428 977 possibilis
463 913 539 955 esse
572 891 732 956 videatur.
791 888 905 957 Nihilo
932 906 1043 960 tamen

77 997 161 1061 niam
193 992 267 1058 heic
294 997 398 1079 major
424 995 558 1081 exsistit
581 996 810 1061 convenientia
839 997 924 1059 inter
947 993 1042 1081 pian-

77 1119 120 1163 rm
152 1099 341 1183 regionum
357 1118 453 1183 qnam
479 1097 552 1185 quis
577 1094 673 1161 facile
699 1095 907 1182 intelligeret.
958 1098 1041 1163 Lin-

77 1222 104 1263 m
131 1197 321 1265 observavit
344 1196 570 1265 Lichenem
596 1196 777 1264 nivalem
804 1211 871 1262 tum
893 1196 1040 1283 Upsaliae

78 1302 253 1388 Lapponia
281 1322 443 1377 erescere,
475 1287 540 1366 'sed
574 1302 609 1365 in
631 1302 810 1388 provinciis
835 1301 1039 1367 intermediis

77 1406 108 1467 ri.
163 1402 235 1468 ,Sic
274 1392 458 1487 plantarum
497 1401 582 1466 aliae
624 1405 716 1493 qnasi
754 1401 857 1466 saltus
897 1401 1039 1483 faciunt,

77 1509 136 1593 igis
162 1504 366 1572 clandestino
391 1510 534 1590 serpunt.
587 1503 825 1591 Eregionibus
851 1508 1040 1591 campestri-

77 1612 117 1695 ,rie
151 1604 421 1673 meridionalibns
457 1611 492 1671 in
521 1605 612 1693 alpes
648 1609 746 1693 quasi,
774 1606 892 1673 saltum
914 1608 1039 1677 faciunt

77 1713 126 1779 tis
174 1710 343 1795 stricta,
394 1706 547 1777 Arabis
592 1707 798 1793 thaliana,
845 1706 1037 1776 Turritis

77 1862 80 1887 ‚
123 1810 269 1879 Draba
297 1815 446 1877 incana
477 1811 523 1896 (et
550 1812 733 1903 secundum
753 1812 926 1877 Linnaeum
954 1809 1036 1883 An·

77 1939 93 1979 c
131 1910 517 2004 septentrionalis);
559 1926 671 1978 contra
711 1916 815 2001 magis
848 1928 1034 2001 serpentem

95 2010 320 2083 Primnlnm
344 2014 575 2083 ferinossm
599 2036 703 2103 usque
729 2017 805 2084 dum
830 2019 867 2081 in
888 2016 924 2081 P.
949 2019 1037 2082 fin·

83 2142 141 2188 am
163 2121 278 2185 forsan
306 2119 409 2184 abeat.
460 2116 651 2184 Directione
675 2132 782 2186 nutem
805 2123 967 2185 contraria
987 2143 1034 2185 ex

77 2244 96 2291 n
110 2236 310 2310 campestres
324 2224 477 2307 regiones
492 2218 593 2285 saltus
608 2221 716 2285 facere
728 2222 879 2287 videntur
894 2244 1034 2309 sequen·

77 2370 82 2389 .
102 2324 275 2396 Bertsia
298 2324 441 2411 alpina
461 2327 497 2388 in
511 2321 719 2390 Gotlandiam
732 2337 765 2388 et
777 2321 1035 2412 Ostrogothiam,

79 2428 171 2496 sula
197 2426 341 2515 alpina
365 2429 401 2490 in
423 2423 647 2502 Gotlandiarn‚
675 2425 861 2512 Lychnis
891 2424 1035 2510 nlpina

77 2530 183 2609 rdiam,
214 2525 689 2617 pariteracforsanCornus
716 2529 882 2595 svecica
908 2531 944 2592 in
968 2529 1034 2594 Ve-
1091 2587 1094 2591 ,

77 2632 111 2697 in
138 2645 270 2701 montes
296 2631 404 2718 lapide
427 2646 520 2718 trapp
546 2630 705 2696 tectos'c.
727 2652 754 2696 s.
778 2654 811 2716 p.
839 2667 891 2678 --
916 2629 1032 2710 Aliae,

77 2726 259 2805 Thasium
282 2733 479 2820 alpinum,
506 2731 742 2799 Potentilla
766 2731 1031 2810 subacaulis‚

77 2837 253 2907 assaltum
286 2858 331 2903 ex
361 2834 488 2921 alpibus
521 2836 704 2903 Germaniae
743 2838 779 2898 in
811 2832 1034 2899 Smolandiam

77 2954 223 3016 rnerunt3
250 2939 309 3005 sed
334 2960 450 3009 earum
466 2939 683 3005 consideratio
700 2940 771 3021 jam
796 2960 816 3000 a
832 2949 945 3001 nostro
961 2958 1034 3001 sen-

78 3060 94 3105 s
121 3041 243 3106 aliena.
666 3090 667 3095 ,
1011 3096 1012 3099 ,

77 3163 123 3209 ras
142 3146 214 3228 jam
240 3140 529 3218 considerantibus,
555 3137 672 3227 quibus
696 3144 859 3226 vegetatio
886 3142 952 3205 alia
975 3140 1034 3206 fiat

77 3242 146 3311 alie
170 3268 189 3311 e
215 3244 288 3310 sola
310 3256 526 3330 temperatura
540 3241 624 3307 coeli
639 3242 760 3307 directe
775 3256 873 3319 esset,
890 3242 943 3307 vel
962 3248 1036 3332 qui-

77 3350 183 3415 iantur
203 3350 252 3413 sic
275 3347 378 3412 dictae
402 3348 615 3432 exceptiones
630 3347 663 3409 in
677 3342 879 3435 geographia
893 3332 1036 3432 simplici

77 3472 111 3528 n,
139 3452 240 3518 etiam
262 3450 448 3525 videndum,
470 3450 546 3535 quid
572 3448 685 3513 forsan
711 3448 828 3512 efficiat
848 3446 901 3511 vel
917 3450 1037 3513 effece-

77 3574 123 3617 rrn
148 3549 206 3618 vel
236 3554 344 3638 potins
374 3551 535 3615 industria
566 3550 743 3614 hominum.
803 3548 965 3616 Homines
999 3553 1036 3614 in

77 3675 174 3736 nem
192 3652 295 3718 feram
326 3651 380 3717 vel
412 3651 598 3737 indigenam
632 3665 740 3716 tantos
770 3655 960 3717 exercuisse
987 3652 1036 3716 ei-

77 3769 112 3822 nt
146 3777 190 3821 eo
216 3757 400 3842 generatim
427 3753 546 3817 limites
571 3756 727 3841 quosdam
753 3750 953 3839 turbaverint
978 3752 1035 3819 vel

79 3858 126 3923 do
159 3859 293 3933 speeies
324 3857 593 3942 exstirpaverint,
633 3868 785 3942 quantum
818 3859 905 3965 spic,
945 3840 1034 3943 apud
