2550 4492
460 185 792 265 MONOGYNIA
1084 193 1164 260 sis

119 395 215 458 Hab.
241 395 283 461 'in
305 391 409 479 pruris
431 391 601 479 paludosis
630 388 809 478 caespitosis
830 385 951 474 apricis
971 386 1167 476 proiiueia·

166 501 247 547 rum
272 478 528 555 ,occidentalium
557 477 698 565 passim,
736 486 788 537 ut:
817 474 972 539 Scauiae
992 473 1067 538 lere.
1086 475 1166 538 ubi·

165 587 233 647 que
270 587 324 628 ex.
360 586 409 646 gr.
447 563 488 626 ad
518 565 665 635 Skuuiir‚
698 560 802 624 Yslad
833 569 868 641 et
898 558 1167 637 Cimbritbamn,

165 650 425 712 Smolandiae
453 648 580 712 altioris
611 649 651 710 ad
680 645 778 732 Ryd‚
803 643 968 732 Elgaryd‚
991 645 1167 711 Lenbotda

164 746 230 797 etc.
267 733 420 819 copiose,
448 734 638 820 (orientalis
673 734 780 798 rarius
809 733 841 795 in
864 730 1020 816 Kampen
1057 752 1166 816 prope

166 819 285 883 Vexiii
308 818 421 902 olim),
449 817 508 881 sed
533 817 740 882 occidentalis
762 815 967 902 frequenter,
987 815 1166 882 Hellan-

166 904 250 969 diae
272 903 413 988 ubique,
433 904 628 968 Bahusiae
649 901 765 968 saltem
785 901 1012 969 meridionalis
1028 902 1166 986 passim,

168 987 495 1072 Vestrogothiae
525 1014 580 1055 ex.
601 1012 650 1075 gr.
680 987 767 1051 iuter
789 987 931 1074 Flaberg
951 1002 985 1054 et
1007 989 1168 1072 Borgste-

167 1096 212 1138 na
247 1097 366 1137 versus
402 1071 522 1149 sorta,
559 1110 598 1124 —
627 1085 743 1160 postea
770 1094 838 1135 uon
872 1085 1094 1157 anteaquam
1124 1072 1167 1135 cd

166 1160 187 1223 J
195 1158 443 1223 emtluudiae
464 1161 554 1245 alpes
573 1181 634 1223 nec
655 1181 723 1223 nou
746 1156 950 1222 indistricto
971 1158 1089 1223 Faelles
1113 1156 1165 1220 di·

173 1256 229 1307 cto
262 1245 442 1330 Norvegiae
481 1244 608 1308 ultimas
653 1242 780 1324 rarius3
820 1253 968 1309 ceterum
1001 1243 1166 1308 orientem

166 1351 287 1393 versus
310 1328 462 1393 nonnisi
486 1330 521 1394 iu
544 1329 764 1394 Oelandiae
786 1324 1025 1417 campestribus
1042 1325 1168 1395 Aifva-

169 1437 234 1478 ren
262 1414 356 1477 dictis
377 1415 501 1500 passim
522 1425 556 1479 et
575 1414 823 1499 Blekingiae,

125 1500 228 1560 Radix
249 1503 338 1561 valde
359 1503 510 1580 perennis,
532 1503 677 1581 caespites
698 1502 775 1560 latos
796 1501 877 1561 soliis
897 1500 960 1560 suis
981 1498 1166 1578 divergenti-

79 1593 142 1648 bus
168 1587 253 1646 duris
280 1588 332 1644 filo
351 1608 463 1666 parum,
476 1588 634 1649 latioribus
652 1589 785 1667 insignes
800 1608 915 1666 gerens.
937 1586 1036 1645 Culmi
1047 1594 1166 1651 tuntum

80 1675 195 1752 vagina
215 1674 303 1733 brevi
325 1675 362 1730 ad
378 1675 511 1735 radicem
532 1675 668 1733 obvoluti
680 1676 781 1754 ibique
792 1673 966 1753 compressi,
985 1672 1166 1751 plerumque

83 1761 197 1837 pedem
217 1759 315 1837 longi,
344 1760 440 1837 rigidi.
488 1759 613 1819 Glumae
641 1761 794 1839 calyciuae
813 1759 1040 1839 fusco-griseae.
1084 1756 1165 1834 Cap-

83 1847 170 1902 sulae
200 1860 240 1902 ex
259 1845 425 1923 majoribus
450 1846 524 1904 duas
544 1846 640 1910 lineas
660 1847 779 1925 longae,
812 1846 935 1906 omuino
957 1843 1166 1919 triloculares5

85 1929 255 1988 seminibus
277 1930 440 2008 angulatis,
466 1931 530 1989 siue
552 1933 639 1990 urillo
661 1934 820 1997 evidenti.'
888 1935 890 1941 ’

88 2013 161 2079 585.
192 2012 366 2077 JUNCUS
393 2008 572 2077 bulbosuss'
603 2013 691 2080 soliis
714 2013 935 2081 canaliculatis
957 2010 1167 2084 strictiuscu·

172 2097 232 2171 lis,
269 2098 381 2162 culmo
408 2098 635 2184 periculisque
665 2100 808 2182 foliosis,
839 2097 1009 2186 calycibus
1040 2093 1165 2161 obtusis

171 2183 306 2268 capsula
326 2184 521 2266 subglobosa
544 2185 762 2251 brevioribus.
804 2183 911 2251 Lina.
930 2205 1017 2249 svec-
1041 2192 1073 2258 η’.
1090 2177 1165 2244 504.

170 2291 187 2330 s
214 2291 259 2332 eo.
285 2267 335 2352 pt.
359 2270 410 2333 ed.
434 2267 549 2333 Wittd.
571 2290 601 2339 2.
629 2293 665 2357 p.
691 2272 763 2335 215.
807 2268 903 2334 Flor.
926 2264 1019 2332 Dan.
1041 2275 1068 2331 t.
1090 2263 1166 2328 451.

170 2291 442 2527 lispompressrgg
453 2352 572 2442 Jccqu.
597 2378 707 2421 enum.
727 2353 821 2421 vind.
844 2354 897 2419 60.
940 2349 1055 2416 Smttt
1073 2347 1164 2435 engi.

245 2483 251 2496 0
274 2457 304 2501 2ο
349 2483 358 2502 0
384 2463 395 2502 ,Ι
444 2481 453 2502 0

131 2536 162 2587 u.
186 2461 446 2608 capsulapmagis
465 2522 651 2588 acuminata
672 2523 705 2588 iu
725 2523 853 2609 stylum
875 2520 1061 2608 longiorem
1082 2540 1165 2606 per-

172 2609 362 2684 sistentem,
383 2606 493 2673 radice
512 2630 567 2671 ma
591 2609 617 2673 is
639 2619 784 2694 repente.
1122 2619 1124 2623 '

172 2693 203 2757 J.
225 2693 392 2756 bottnicus
422 2630 595 2759 Wablend.
621 2693 720 2778 lappa
736 2717 769 2758 n.
792 2695 860 2777 157.
904 2688 1075 2780 Regensb.
1097 2689 1165 2756 bot.

216 2776 307 2842 Zeta
331 2777 421 2842 1821.
442 2800 478 2865 p.
498 2777 572 2863 489.
613 2779 730 2863 Meyer
747 2779 842 2863 juno.
863 2800 936 2860 syn.
954 2800 991 2866 p.
1010 2775 1063 2840 46.
1148 2791 1152 2797 “

131 2862 221 2927 Hab.
251 2863 285 2924 in
316 2862 440 2952 campis
483 2860 654 2948 ascuisque
676 2864 888 2928 humentibus
910 2859 1037 2926 Sveciae
1059 2860 1166 2924 meri-

172 2947 314 3010 dionalis
344 2957 375 3009 et
396 2884 515 3011 mediae
535 2946 675 3032 ubique,
703 2948 925 3013 deindeverc
945 2962 966 3021 β
990 2945 1032 3009 ad
1051 2943 1165 3009 littora

174 3034 373 3118 plerumque
396 3031 604 3117 instringitur
623 3045 693 3097 lum
719 3033 818 3098 maris
839 3031 977 3099 bottnici
995 3043 1077 3094 turn·
1089 3052 1165 3095 ma-

172 3119 220 3183 ris
242 3117 508 3200 septentrionalis
529 3139 635 3202 usque
656 3117 696 3181 ad
719 3118 888 3205 NordCap·
907 3116 1111 3202 frequenter.

129 3202 231 3265 Radix
258 3206 441 3285 plerumque
463 3225 571 3284 purum
594 3226 703 3285 repens
725 3207 857 3266 crassitie
879 3212 995 3284 penurie
1016 3203 1173 3287 columbi-‘t

88 3311 153 3350 nae.
200 3293 335 3350 Gramen
356 3301 456 3351 totum
477 3291 686 3353 duriusculum
710 3301 741 3349 et
762 3291 963 3366 subnitidum,
984 3289 1164 3368 plerumque

89 3376 214 3455 pedale,
243 3396 350 3436 versus
371 3385 549 3435 autumnum
569 3387 728 3437 maturum.
780 3377 926 3456 Capsuleu
945 3375 1038 3452 magis
1058 3373 1165 3451 globo

91 3483 140 3521 sae
171 3482 262 3541 quam
287 3463 321 3521 in
347 3461 597 3540 praecedentibus
620 3463 764 3522 bulbillos
785 3461 1007 3542 quodammodo
1026 3459 1166 3518 referen-

89 3556 150 3622 tes,
182 3548 237 3608 sed
260 3548 316 3607 vix
335 3547 417 3607 linea
442 3547 610 3626 longiores;
626 3546 670 3595 ·⁴-·
693 3570 753 3628 quo
774 3557 876 3607 autem
894 3547 983 3607 radii
999 3544 1098 3624 ningit·
1112 3564 1164 3602 re-

88 3653 165 3711 pens
197 3643 229 3691 et
254 3633 354 3691 valida
372 3634 413 3691 in
433 3632 629 3710 littoralibus,
659 3654 695 3696 eo
717 3634 903 3715 angustiores
925 3643 957 3694 et
975 3631 1078 3711 mag's'
1091 3648 1165 3690 acu-

88 3718 220 3778 minatas
242 3718 496 3798 capsrdae,uude
513 3729 548 3793 a.
