2550 4492
546 40 551 69 i

65 196 173 268 'term
258 213 592 264 contractus
645 186 1095 271 νιειαιιίἰιόιιιι·Ι

95 405 244 468 ellectum
275 401 502 488 multiplicari,
543 368 615 468 culn
642 404 755 466 contrai
789 405 839 466 vis
874 404 1010 467 nimium
1041 408 1152 487 parra

94 505 274 590 simplicem
299 505 429 591 quidem
458 505 607 568 effectum
627 504 806 589 producere
822 503 939 582 valeat,
966 504 1058 571 etsie
1070 502 1152 567 etto«

96 610 201 673 artinis
228 620 351 684 cesset,
385 622 557 692 antequam
579 607 630 669 vis
657 604 711 669 vel
737 627 836 669 eausa
862 607 996 669 omnino
1023 604 1152 671 aaron

16 719 20 724 “
96 710 248 775 Ceterum
272 711 512 794 vegetationem
529 707 619 772 illam
633 720 847 791 campestrem
859 709 898 770 in
909 694 1152 792 regionibusffi

24 814 44 829 ““
95 809 279 876 dionalibus
306 825 339 874 et
360 809 571 877 interioribus
587 810 804 895 agrimlturae
821 812 927 895 magis
949 809 1116 875 faventem·

95 937 153 1002 per
185 935 222 976 se
248 904 355 1000 patet;
389 911 557 997 sylvestris
593 925 700 975 autem
731 909 789 974 illa
819 914 992 997 regionum
1009 927 1086 999 sept
1122 996 1125 1003 Ι

94 1015 217 1079 nalium
245 1018 280 1078 vi
306 1035 373 1085 suae
399 1013 520 1078 indolis
547 1035 584 1098 se
608 1012 752 1077 culturae
778 1016 871 1099 quasi
893 1014 1041 1099 opponit.
1073 1014 1113 1078 E⁴

94 1121 129 1182 in
155 1117 274 1181 Scania
300 1117 370 1203 agri
396 1137 432 1179 se
457 1118 549 1201 ipsos
570 1114 747 1179 laetificare
770 1128 925 1200 possunt3
956 1117 991 1179 in
1016 1102 1106 1180 Sve⁵

95 1234 161 1284 tem
179 1219 288 1306 media
310 1239 393 1304 opus
416 1231 466 1281 est
486 1216 613 1282 auxilio
635 1218 794 1302 pecudum
816 1216 925 1301 sylvas
948 1217 1087 1304 depasce
1126 1286 1129 1291 ,

97 1336 146 1386 et1
163 1324 301 1408 denique
334 1323 370 1383 in
404 1320 576 1405 Lapponia
609 1318 672 1382 hoc
702 1319 862 1383 auxilium
893 1339 961 1384 non
995 1306 1118 1384 sufficit

95 1426 152 1489 ad.
169 1436 261 1510 prata
295 1419 502 1495 laetificanda
536 1443 595 1507 pro
623 1424 859 1487 sustentatione
891 1421 1064 1506 pecudum.

96 1549 187 1591 remo
221 1529 256 1590 ia
286 1522 467 1610 subalpinis
500 1536 726 1609 cryptogamae
758 1526 849 1607 ipsae
872 1525 1017 1588 maxime
1043 1543 1079 1589 co

96 1633 131 1693 in
162 1626 357 1712 Rangiseros
385 1625 532 1703 alendos,
563 1647 626 1711 quo
651 1641 758 1689 tamen
782 1619 832 1702 firi
856 1636 894 1690 ut
916 1625 1031 1711 populi
1057 1622 1104 1690 ιι

96 1730 219 1796 ibidem
247 1730 409 1793 minimus.
468 1728 532 1791 His
563 1725 674 1791 forsan
704 1725 922 1792 fundamentis
952 1719 1070 1792 natura

97 1832 335 1913 multitudinem
361 1829 536 1894 subnixam
560 1828 680 1905 r⁷oluit;
710 1850 807 1918 quam
830 1851 900 1899 rem
922 1841 1034 1898 tamen
1053 1822 1128 1897 belo·¹

97 1935 235 1999 ulterius
253 1931 419 2019 explicare
436 1929 532 1999 „licet
1053 1960 1056 1965 ·

94 2103 443 2183 xVL'Vsonrtrrc
466 2121 696 2171 secunaum
723 2101 914 2172 Oanruss
938 2100 1115 2198 Narras

203 2237 419 2324 Considerata
447 2239 481 2304 in
508 2243 635 2326 paginis
662 2242 930 2327 praecedentibus
955 2243 1145 2329 quantitate.

101 2342 287 2431 guntionis,
306 2343 377 2426 jam
401 2341 539 2431 qualitas
566 2345 638 2426 ejus
665 2346 842 2408 secundum
868 2343 1013 2431 Ordines
1039 2340 1152 2409 Natus

1 2487 3 2493 ,
100 2444 294 2532 inquirenda
320 2459 381 2509 est.
436 2441 529 2520 Quae
544 2447 654 2535 ‚igitur
672 2448 741 2528 jam
767 2448 913 2533 sequitur
934 2432 1152 2533 Desigcecofl

102 2547 194 2613 thodi
221 2544 406 2625 Naturalis,
435 2565 509 2610 eam
527 2559 728 2629 exstructam
754 2570 827 2612 esse
851 2552 956 2612 sciant
977 2530 1152 2631 [actores-l

102 2647 216 2714 nevoli
242 2647 381 2713 oonsilio
407 2647 546 2734 triplici:
579 2649 612 2730 l)
635 2661 671 2710 ut
698 2662 845 2714 exstaret
871 2651 1003 2737 quidam
1022 2662 1152 2734 eontpet

103 2753 264 2819 Ordinum
286 2747 494 2839 Naturalium
523 2749 565 2813 ad
589 2750 730 2817 mentem
750 2753 881 2817 Linnai
898 2748 1152 2851 assumtorpmq‘

103 2877 167 2942 que
191 2856 416 2920 institutiones
442 2851 616 2947 Scientiae
632 2857 726 2940 quasi
746 2854 1013 2941 complentium„
1031 2855 1069 2940 2)
1090 2856 1152 2951 ιιι]

102 2969 303 3043 ponerentur
325 2959 486 3020 seminum
510 2966 620 3042 partes
644 2961 836 3041 praesertim
857 2960 1053 3036 interiores,
1086 2976 1152 3043 qno

103 3060 225 3124 mentio
253 3059 314 3150 vix
338 3057 468 3146 quidem
492 3056 577 3122 facta
601 3069 652 3121 est
670 3058 706 3121 in
726 3055 963 3124 characteribus
975 3060 1151 3144 genericia

104 3157 354 3247 repetitionibus
376 3173 452 3226 tune
465 3162 598 3226 minime
612 3159 773 3225 evitandis
786 3159 904 3227 chartae
918 3163 1056 3226 nimium
1067 3159 1152 3246 perd

65 3290 68 3295 ·
105 3278 168 3342 tur,
181 3276 227 3326 et
253 3263 291 3347 3)
310 3275 352 3339 ut
368 3275 555 3349 computum
567 3263 728 3349 quendam
740 3266 910 3329 instituere
924 3264 1041 3329 liceret
1055 3265 1099 3328 de
1111 3258 1152 3328 vri

106 3365 310 3452 singulorum
343 3362 506 3434 Ordinnm
531 3362 736 3432 Naturalium
757 3370 803 3440 'in
829 3369 934 3453 patria
956 3367 1098 3453 ejusque
1125 3384 1152 3452 pt

105 3467 167 3532 bus
202 3468 352 3532 diversis.
418 3463 472 3532 ob
503 3463 588 3532 fines
621 3478 686 3534 tam
716 3469 864 3534 diversos
896 3471 956 3535 vix
988 3465 1066 3533 fieri
1098 3478 1152 3554 pot

106 3574 184 3658 quin
207 3569 401 3657 Designatio
427 3567 511 3636 haec
535 3572 630 3658 quasi
650 3574 756 3638 nrixta
782 3573 935 3637 evaderet
956 3568 1012 3635 vel
1037 3568 1152 3637 clave<

110 3686 283 3761 sequenter
307 3664 473 3758 perducta
486 3673 734 3754 destitueretur,
759 3683 820 3739 nec
846 3664 1039 3760 systematis
1067 3685 1152 3738 natm

108 3796 228 3840 nonreu
255 3790 445 3841 mereretur.
477 3773 677 3864 Ceteroquin
702 3776 852 3862 Syrtema
877 3775 1025 3852 naturale
1042 3774 1152 3862 exple
