2550 4492
92 283 164 377 27e
467 273 790 353 aroannam

174 479 210 547 S.
228 479 376 566 aquatica
399 480 492 633 Ιὲοέἰ.
512 484 584 573 pal.
603 508 636 548 n.
655 484 728 548 422.
775 478 933 549 Decnnd.
952 479 1072 571 procla
1090 482 1156 568 eyd.

218 578 290 632 nat.
310 593 338 634 r.
386 613 394 631 .
479 615 488 631 .
557 596 560 603 ·

133 652 223 716 Hab.
251 654 292 717 ad
314 591 422 719 sutiles
436 592 611 738 iiquasque
632 653 789 740 puriores
810 648 939 715 Sveciae
960 648 1160 737 temperatio*

176 739 225 802 ria
259 740 364 823 magia
395 741 590 825 campestria
619 762 724 824 usque
751 739 790 802 ad
814 735 1017 823 Uplandiam
1045 734 1157 812 radun

178 824 254 886 dein
282 825 344 887 vix
366 824 427 888 nisi
450 824 482 886 in
505 826 682 910 Lapponia
709 822 833 889 Pitensi
852 821 969 887 infima
991 820 1035 885 ad
1054 820 1161 884 Glom·

132 974 135 979 ,
177 910 357 974 mer-striisk
381 907 619 998 (Loertucliua).
1202 962 1204 981 ,

135 994 235 1055 Radix
260 1018 368 1057 annua.
412 997 511 1055 llerba
530 1016 650 1078 quoque
672 997 762 1057 valde
783 994 856 1057 laxa
875 1000 908 1055 et
926 994 1056 1071 flexilis,
1081 994 1160 1053 inter·
1202 1030 1204 1035 ·

96 1081 168 1141 dum
189 1074 298 1161 pedem
324 1085 427 1162 longa,
460 1083 560 1163 itaque
583 1103 621 1142 ex
641 1083 807 1162 majoribus
828 1083 920 1164 liujus
940 1082 1052 1141 tribua.
1094 1078 1162 1139 Folia
1201 1110 1204 1201 1

96 1188 186 1248 saepe
214 1178 343 1251 quatuor
366 1171 461 1228 lineas
489 1170 565 1245 lata,
594 1170 792 1229 crassiuscula
814 1179 845 1227 et
864 1169 902 1226 ad
923 1166 1042 1246 apicem
1066 1173 1161 1244 puncto
1202 1206 1204 1251 Ι

95 1260 161 1317 sere
189 1254 355 1334 nigricante
380 1255 516 1332 insignia.
558 1255 701 1315 Bracteae
724 1255 970 1335 pedunculorum
990 1252 1080 1313 valde
1100 1249 1164 1308 albia

97 1351 207 1402 cantes.
256 1337 381 1424 Calycee
412 1362 533 1422 quoque
562 1342 822 1422 albo-utarginati,
854 1339 1077 1420 sesquitertiam
1101 1337 1163 1395 liue-

97 1450 145 1487 am
165 1426 217 1484 lon
242 1426 257 1484 '.

96 1510 162 1598 494
193 1447 460 1573 siluLLARtA
484 1507 683 1594 lrumrfuan:
706 1505 793 1573 loliis
814 1497 1164 1588 ovato-olrlongiesub·

181 1594 353 1675 secundis,
385 1594 535 1657 caulibus
558 1594 733 1680 prostratis
755 1592 954 1676 tetragonis,
985 1586 1164 1679 pedunculis
1202 1590 1204 1657 l

182 1679 339 1743 solitariis
367 1678 560 1744 axillaribus
588 1679 666 1741 solia
699 1675 990 1760 subaequantibus‚
1012 1677 1118 1762 calyce
1137 1696 1165 1736 e·
1202 1660 1204 1681 Ι

182 1766 277 1830 nervi
300 1763 420 1828 obtuso
467 1765 559 1828 etalis
581 1762 745 1830 breviore.
791 1761 949 1828 northolt
970 1762 1052 1827 Aa.
1069 1754 1166 1844 Hafa.

185 1871 234 1914 ro.
256 1872 290 1935 p.
312 1848 363 1930 47.
386 1859 409 1913 t.
453 1898 461 1913 .
484 1873 517 1912 n.
536 1853 585 1913 14.
622 1848 757 1912 Savaria
777 1847 816 1915 V
811 1860 851 1912 et.
864 1848 930 1913 Ac.
943 1841 1077 1911 Houdl.
1093 1843 1166 1927 1589·

181 1957 217 2019 p.
240 1937 310 1999 125.
335 1943 358 1997 t.
380 1932 410 1996 6.
436 1935 464 2011 f.
487 1957 513 1998 ι.
558 1933 782 2016 (Ζείἰενείεᾶέ
807 1956 870 1997 rer.
896 1953 928 1997 2.
950 1955 986 2018 p.
1006 1930 1103 2013 iosst)
1202 1952 1204 1967 ¹

145 2020 233 2085 Hal).
265 2020 299 2081 iu
329 2017 497 2084 littoribus
530 2021 629 2083 maris
660 2019 699 2082 ad
729 2019 961 2083 Finrnarkiam
989 2015 1168 2083 orientalem

186 2103 341 2189 inprimis
363 2103 395 2166 V
397 2106 557 2187 araugriae
582 2104 723 2190 passini.
749 2103 967 2169 Nordlaudiae
986 2125 1077 2166 raro.
1202 2124 1204 2129 ·

142 2192 242 2254 Radix
259 2213 357 2250 annua
373 2194 566 2266 tenuissima,
581 2212 656 2271 vage
667 2212 786 2269 repens.
808 2192 915 2250 Planta
926 2198 992 2249 tota
1002 2188 1092 2250 valde
1103 2184 1169 2245 mol-

101 2281 150 2355 lia,
171 2277 296 2340 omnino
308 2277 416 2336 debilis
429 2288 458 2336 et
470 2280 616 2352 flexuosa,
632 2279 820 2355 longitndine
831 2276 924 2350 varia,
940 2274 1073 2353 digitalis
1083 2266 1175 2350 napi.

101 2365 248 2425 thamaea.
290 2364 375 2423 Folia
403 2366 583 2443 plerumque
613 2373 743 2441 quatuor
769 2365 864 2422 lineae
889 2363 996 2439 longa,
1033 2358 1171 2419 carnosio-

104 2452 196 2511 acula.
246 2449 414 2508 Pedunculi
450 2448 650 2511 crassiuscnli.
706 2449 803 2528 Calyx
831 2467 952 2528 quoque
982 2446 1089 2520 latior,
1120 2444 1170 2502 sere

104 2537 179 2594 duas
202 2535 297 2593 lineas
321 2537 439 2614 longua.
484 2536 586 2594 Petala
610 2536 725 2593 obtusa.
744 2567 787 2581 —
809 2533 955 2615 Sequenti
975 2538 1078 2592 tamen
1097 2527 1169 2591 valde

105 2621 205 2680 affinis
227 2631 281 2678 est.

104 2701 472 2790 495.STELLAR1A
499 2699 717 2787 crueazsoliur
748 2697 835 2763 loliis
859 2693 1169 2765 ovato-lanceolata

190 2785 434 2873 crassiusculis‚
464 2787 613 2851 caulibus
635 2785 886 2871 quadrangulis,
914 2784 1108 2873 pedunculis
1127 2803 1170 2842 so-

189 2872 311 2938 litariis
348 2894 390 2936 ex
427 2870 630 2934 diclrotomia
666 2871 769 2934 caulis
805 2871 885 2933 lolio
925 2865 1171 2957 triplolongiori·

191 2959 254 3023 bus
276 2957 410 3020 demum
433 2957 583 3036 reflexis,
607 2955 728 3041 ‚calyce
749 2955 928 3020 subenervi
955 2968 1054 3019 acuto
1072 2949 1171 3042 petalis

191 3042 358 3106 breviore.
405 3043 561 3105 Willrlen.
585 3064 670 3126 aper.
690 3042 779 3127 pla
811 3065 845 3128 p.
867 3062 939 3127 712.
973 3040 1088 3105 Ennea
1108 3034 1170 3102 Va.

190 3130 256 3194 Aa.
281 3125 413 3191 Hanut.
440 3126 529 3210 1807.
554 3149 588 3207 ρ.
611 3128 683 3191 225.
733 3127 786 3193 Fr,
810 3127 903 3190 Dan.
927 3136 950 3188 t.
973 3125 1044 3213 9¹78.
1089 3120 1171 3187 Friet

192 3212 345 3362 {uallarat
374 3216 485 3361 p.874.
523 3211 667 3276 Walalb.
685 3211 822 3300 gothol).
844 3237 882 3298 p.
905 3211 957 3276 44.
1005 3201 1170 3276 Waltlealt.

207 3323 227 3362 (i
276 3343 285 3364 ο
316 3321 349 3362 n.
372 3318 409 3363 22
435 3341 443 3357 .

150 3321 307 3450 [labilpin
335 3383 508 3466 aggeribus
541 3381 692 3445 lucorum
723 3379 925 3446 littoralibus
954 3380 995 3444 ad
1019 3378 1170 3445 Saltvilau

194 3466 358 3553 paroeciae
386 3466 628 3551 Liiddekiipiug
650 3467 793 3548 alibique
815 3464 979 3530 Scaniae
1002 3466 1170 3528 occidenta-

192 3555 254 3628 lis,
289 3551 328 3614 ad
353 3553 527 3617 Halmstad
558 3553 819 3619 Hallandiae.
855 3565 950 3616 extra
980 3549 1168 3628 Giitlreborgt

192 3635 338 3786 {lenique
366 3651 456 3702 trans
485 3638 574 3724 alpes
603 3637 641 3698 ad
662 3636 906 3701 Nordlandiam
926 3647 961 3701 et
982 3631 1170 3700 Finmauias

146 3741 151 3749 ‘
210 3744 244 3786 re
270 3733 396 3787 uenter.

155 3745 265 3872 Radixq
273 3829 373 3870 annua
386 3813 451 3872 fere
470 3818 505 3867 ut
526 3807 744 3887 praecedentis.
789 3806 895 3868 Planta
913 3807 1113 3888 magnitudine
1127 3799 1170 3860 ad-
