2542 4500
121 245 212 293 xxrn
354 242 740 291 ‚couerncrus
792 212 949 289 uncus

119 432 255 519 propria
279 441 329 493 est
354 426 463 517 ibique
486 416 593 493 totum¹
613 414 720 493 labum
745 428 944 493 Enerensem
971 426 1116 493 ambiens
1146 429 1226 494 etad
1256 453 1257 457 ¹

122 555 213 600 mare
243 530 498 617 septentrionale
524 538 629 618 usque
653 532 852 616 precedens,
884 535 994 617 itaque
1022 530 1133 616 alpino
1155 534 1225 617 jugo
1260 539 1269 579 ¹

33 688 37 708 ,
122 638 255 700 omnino
286 632 386 698 finem
418 632 540 708 ibidem
573 631 750 699 conficiens
766 634 805 718 *).
866 631 1120 718 vegetationem
1142 633 1226 718 hujus

121 739 269 824 regionis
301 749 409 800 ortum
437 758 530 799 suum
555 735 674 799 debere
697 738 834 800 siccitati
856 735 907 799 illi
929 735 1077 799 aestivali
1101 735 1225 800 climatis

123 843 234 904 arctici
256 840 446 923 jamdudum
471 852 667 902 memoratae
692 859 759 901 non
784 836 983 915 dubitemne,
1019 841 1128 924 itaque
1156 838 1225 901 hant
1261 855 1262 862 ¹

13 955 15 960 '
122 945 294 1027 regionem
331 944 464 1003 omnino
508 961 703 1003 evanescere
737 942 806 1022 jam
846 942 886 1003 ad
927 947 1073 1003 summas
1109 954 1223 1005 nostrat

97 1044 215 1130 alpes
253 1056 286 1108 et
314 1041 418 1112 adbuc
448 1044 553 1128 magis
584 1046 619 1106 in
649 1040 917 1127 meridionalibus
948 1041 1140 1128 regionibus
1172 1060 1232 1106 nor-

122 1151 303 1219 miramur.l
473 1152 476 1158 '
1041 1152 1044 1158 '

146 1250 150 1257 '
226 1248 357 1334 Regio
388 1246 599 1330 sylvatica
632 1244 810 1333 (Abietina)
842 1248 1023 1333 Lappcniae
1056 1250 1225 1334 provincia-
1252 1289 1271 1353 Ι

123 1373 261 1437 rumque
291 1348 508 1416 subsimilium
532 1350 650 1413 dicitur
674 1371 730 1426 ea,
757 1373 838 1436 quae
860 1351 934 1414 dein
959 1353 1105 1436 sequitur
1126 1365 1160 1414 et
1176 1349 1227 1435 syl·
1256 1379 1271 1453 q

91 1439 174 1518 ‘ivis
212 1453 368 1538 abiegnis
392 1455 583 1538 praesertim
616 1454 752 1536 tegitur,
793 1456 890 1516 etiam
921 1475 993 1516 eam
1024 1452 1065 1517 ob
1090 1474 1227 1531 caustum

123 1557 211 1645 quod
248 1558 333 1619 circa
360 1552 497 1639 paludes
531 1567 564 1617 et
594 1551 685 1616 lacus
704 1558 883 1651 ··maximos
915 1555 1020 1618 solum
1048 1553 1242 1643 plerumque--

82 1695 85 1702 ·
123 1659 291 1723 humidum
313 1656 389 1721 huic
415 1654 523 1719 arbori
548 1657 704 1720 idoneum
728 1657 914 1743 frequenter
940 1670 1097 1721 occurrat.

188 1802 202 1833 4
227 1757 597 1844 Regio‘sylvatica
628 1757 877 1844 (extra-'vob
903 1758 1235 1844 iufra-lapponi·

125 1887 170 1930 ca
202 1861 360 1946 (illyricae)
392 1861 502 1932 forsan
535 1859 717 1945 appelletur
741 1861 814 1939 illa,
855 1885 937 1949 quae
966 1863 1051 1925 infra
1074 1864 1236 1948 congeriei

92 1968 102 1973 '⁸
123 1966 274 2030 lacustris
290 1965 489 2048 Lapponicae
508 1961 637 2048 (postea
650 1964 788 2028 ulterius
802 1963 1047 2051 describendae)
1067 1967 1235 2029 terminum

122 2071 231 2155 posita
260 2079 310 2130 est
340 2078 372 2128 et
403 2067 538 2151 copiose
568 2065 725 2149 Myrice
748 2066 848 2144 Gale,
888 2065 1009 2132 Cella
1033 2065 1237 2151 palustri,

54 2209 58 2223 ·
123 2169 306 2236 Rhamno
329 2168 541 2258 Frangula
566 2181 626 2231 ete.
650 2180 792 2232 ornatur.
829 2169 922 2235 Haec
944 2172 1035 2255 regio
1058 2169 1170 2233 forsan
1191 2183 1238 2234 to·
1260 2166 1269 2203 ⁴

102 2338 107 2351 ,
124 2288 189 2340 tam
209 2271 485 2338 Vestrobcttniam
507 2285 643 2356 occupat
664 2284 696 2334 et
710 2293 838 2358 quoque
852 2270 1126 2358 Angermanniam
1141 2246 1269 2359 supra&

125 2375 353 2461 Skulskogen,
386 2395 554 2460 quousque
583 2372 749 2437 Arundo
780 2373 1005 2459 lapponica
1032 2374 1210 2438 descendit.

227 2477 357 2560 Regio
390 2475 676 2540 Norrlandioa
707 2474 871 2562 (Acerina)
903 2477 997 2540 nobis
1024 2480 1083 2553 sit,
1109 2475 1163 2539 ubi
1186 2473 1235 2537 la·

124 2583 226 2644 tiores
254 2578 386 2642 arbores
412 2579 587 2642 frondosae
614 2582 697 2642 sicut
725 2576 845 2665 Acer,
879 2578 1013 2656 Tilia,
1039 2575 1235 2663 Cotylae,

25 2738 28 2745 ,
125 2681 308 2769 OpuluS,
340 2677 596 2763 Xylosteum
627 2679 743 2746 saltem
771 2683 812 2744 ad
839 2681 942 2746 latera
970 2679 1239 2746 montium'ierti.

126 2884 294 2898 ’.-

166 2969 191 3045 *)
219 2980 274 3028 Hoc
304 2991 331 3028 ut
357 2979 438 3044 ningit
467 2972 596 3028 evidenter
624 2969 756 3044 appareat,
793 2975 940 3042 inspiciatur
966 2969 1057 3024 Florae
1078 2970 1240 3041 Lapponicae

210 3067 304 3132 Mappa
334 3062 669 3131 Botanieo-geograph'rca‚
703 3064 730 3113 in
756 3078 805 3128 qua
834 3075 919 3111 tamen
946 3059 1041 3110 limites
1067 3060 1132 3110 iufra
1153 3063 1236 3110 lacum

211 3152 371 3201 rl'ornensom
402 3153 558 3216 corrigantur
587 3140 727 3202 secumdum
763 3136 943 3198 Zetterutea't
962 3139 1046 3197 Besa
1067 3136 1139 3196 Del.
1162 3158 1186 3196 t.
1203 3148 1242 3216 μ’

210 3231 283 3305 23]-
305 3249 330 3286 et
349 3229 420 3288 Del.
439 3250 465 3286 2.
484 3249 516 3305 p.
533 3232 562 3287 5.
578 3229 607 3285 ὅ.
630 3229 676 3285 18.
706 3235 756 3293 ita,
784 3245 813 3281 ut
832 3234 954 3284 terminus
978 3234 1034 3283 Pini
1054 3231 1181 3300 sylvestris
1205 3227 1234 3282 ad

212 3325 292 3373 linem
313 3324 382 3373 lacus
407 3322 543 3373 Tornensis
557 3322 590 3370 'ct
613 3317 710 3371 Abietis
730 3318 764 3371 ad
782 3317 956 3372 Wakkokosli
976 3339 1052 3388 supra
1072 3319 1233 3385 Rauntjoen·
1252 3294 1269 3339 1

208 3427 258 3460 suu
278 3411 426 3476 proferatur.
473 3411 529 3459 Hoc
548 3407 628 3458 modo
651 3408 823 3458 convenientia
843 3408 917 3475 bujut
936 3421 1026 3460 tractus
1045 3424 1076 3458 eo
1086 3406 1168 3472 major
1180 3422 1233 3457 oum

208 3498 348 3564 Lapponiie
374 3496 583 3547 meridionalibue
613 3496 706 3560 oritur,
744 3512 853 3562 quianam
879 3497 989 3547 limitem
1016 3494 1233 3563 septentrionalem

209 3584 263 3634 sere
286 3582 468 3645 constituta-2
489 3601 540 3650 quo
560 3583 642 3632 limite
665 3583 768 3634 termini
789 3583 848 3634 dein
869 3601 899 3634 eo
918 3581 1001 3648 magis
1018 3583 1194 3633 mansueraales
1209 3582 1234 3645 ¹el

210 3671 307 3720 circulo
330 3670 423 3720 arctico
442 3672 494 3721 fere
514 3671 629 3738 paralleli
649 3670 767 3722 evadrmt.
794 3658 1048 3722 ttinoeo‘evidentius
1060 3669 1151 3731 eradit,
1171 3687 1233 3725 cunr,

210 3770 347 3823 postquam
375 3775 488 3807 summae
516 3761 585 3825 alpes
615 3755 648 3808 ad
676 3757 834 3808 occidentem
858 3760 937 3822 magis
959 3759 1017 3807 sitae
1044 3755 1234 3824 descripsimus,

212 3862 227 3893 a
243 3860 345 3894 summo
368 3846 537 3912 septentrione
560 3860 646 3897 rerem
666 3845 802 3899 matutam
823 3845 850 3895 in
864 3844 1029 3895 describendo
1047 3844 1237 3896 ‹remandamus-
