2542 4500
128 330 189 407 aiv
278 317 282 322 ’
415 310 958 451 eossraorusnausr

130 504 200 621 tum
226 508 278 631 eu
298 536 395 607 dietis
416 506 536 608 insulis
558 543 593 609 in
618 515 780 647 Sturium,
803 559 918 607 verum
941 541 1038 607 etiam
1066 537 1245 609 eVestra·

13 643 16 649 '
130 644 246 742 gothia
278 643 483 711 ιιιιιιιιίοιιὶι
517 647 553 709 in
586 663 662 709 oras
695 639 848 710 Bahusire
876 655 909 707 et
933 641 1118 708 Hailandiae
1143 656 1245 712 ιιιιι-

129 746 199 815 lata
226 743 389 813 vitientur
444 742 539 813 ttae
568 747 745 835 praeeipue
767 746 805 812 iu
829 744 1126 841 transportando
1101 757 1136 810 et
1160 766 1245 814 eom·

18 908 26 917 .
130 838 327 916 maritanda
365 848 511 916 maxima
548 844 668 915 effioax
704 860 781 915 esse
818 843 1047 928 observamus,
1088 868 1163 914 oum
1194 869 1244 915 ve·

131 948 245 1020 biaulo
278 945 341 1018 suo
372 951 536 1018 communi
560 951 662 1017 areni
684 951 797 1016 utitur.
847 948 904 1016 Sia
919 947 1057 1036 plantas
1085 949 1243 1017 ealeareas

131 1056 169 1120 iu
203 1072 306 1143 arena
340 1047 491 1121 loeortun
524 1049 623 1118 valdo
660 1072 682 1116 a
717 1047 808 1119 eules
842 1049 1030 1119 ιιίιιιιοιιιιιι
1067 1073 1169 1140 saepe
1199 1073 1243 1121 ιι·

132 1155 280 1244 perimus
311 1174 369 1223 ax
398 1176 449 1247 gr
439 1151 657 1228 Gotluutllte
678 1149 907 1221 Diantbum
931 1153 1190 1247 proliieruur
1216 1164 1242 1219 et

131 1256 346 1325 Iberitlom
356 1269 582 1349 patruum
616 1258 652 1322 iu
680 1277 781 1322 arena
813 1254 952 1322 Seanire
974 1256 1016 1321 ad
1039 1252 1242 1343 Kaseberga,

133 1358 319 1427 Gotlaudiat
358 1371 392 1425 et
428 1354 599 1427 oetentiae
639 1356 948 1446 Gypsophilsm
986 1357 1258 1445 fastigiatam

68 1534 73 1553 ι,
133 1460 233 1529 etiam
257 1464 293 1528 in
317 1462 475 1528 interiora
503 1460 653 1529 Saenia
641 1481 741 1526 ummo
763 1458 961 1545 Daleearlia.
1012 1458 1153 1527 Minus·
1131 1473 1244 1553 itaque

122 1567 269 1643 mirum,
298 1562 436 1631 staria
475 1561 685 1630 lberitlour
724 1542 1004 1644 radicantem,
1044 1548 1246 1657 Myosoti·
1267 1600 1269 1607 ·

135 1656 224 1732 «lem
247 1658 559 1733 versieoloreru
581 1676 643 1730 eto.
666 1665 702 1730 in
726 1661 879 1733 Babusite
903 1663 987 1734 loeis
1011 1663 1174 1733 similibus
1195 1642 1247 1755 ιιι·

132 1767 266 1859 quando
291 1752 395 1837 laetas
417 1787 504 1848 esse,
529 1762 563 1834 et
584 1768 633 1832 sie
655 1767 691 1833 iu
707 1769 835 1833 ceteris.
862 1765 946 1832 Cum
959 1789 1059 1833 arena
1072 1765 1113 1832 ab
1129 1766 1249 1833 exterit
1267 1768 1269 1783 '

136 1873 234 1937 terris
271 1873 411 1958 primunr
452 1870 627 1939 advenisse
658 1868 787 1936 videtur
822 1868 1043 1957 Medicago
1079 1846 1249 1937 minine

136 1976 199 2040 ate.
246 1968 323 2043 Nee
351 1971 628 2063 obliviscentium,
660 1992 790 2038 omnem
821 1993 953 2037 arenam
977 1969 1030 2036 vel
1056 1974 1178 2054 terram
1202 1972 1268 2047 tit,

136 2072 275 2143 toraleru
308 2073 447 2143 ealearei
480 2075 558 2164 quid
592 2093 639 2140 ex
667 2076 820 2140 testaceis
850 2076 1057 2140 comminutis
1089 2077 1155 2140 orti
1180 2092 1268 2141 eon·

136 2181 254 2245 tinere.
322 2173 526 2268 Quamquam
571 2150 813 2266 vegetationem
855 2175 946 2242 illam
984 2178 1152 2264 propriam
1171 2172 1251 2243 'osl-

137 2283 170 2348 ei
201 2282 406 2347 transitionis
444 2280 639 2368 praesertim
678 2277 866 2373 tribuimus,
908 2292 1016 2344 tamen
1050 2280 1150 2363 etiam
1180 2276 1250 2345 ιιιι

137 2375 321 2472 primitiva,
357 2368 415 2449 ubi
438 2380 506 2449 late
528 2392 637 2470 patet,
665 2360 802 2448 eandem
826 2383 1066 2468 vegetationem
1088 2398 1253 2447 assumere

137 2496 267 2581 potest,
300 2500 356 2550 ex.
380 2504 430 2572 gr.
457 2484 500 2550 ad
529 2479 698 2573 virdinge
723 2480 1255 2568 Anemonempratensem·

138 2584 231 2675 Alibi
255 2584 387 2674 plantae
413 2583 617 2653 solemma
607 2605 643 2651 ru
664 2583 749 2653 loeis
769 2584 932 2652 ruderatis
955 2586 1174 2682 aequiparant,
1199 2605 1259 2650 ou·

137 2692 195 2778 jus
220 2668 411 2776 exemplum
441 2689 487 2755 sit
508 2683 850 2776 Litbospsrmum
876 2684 1132 2769 oiiieiuaie,
1156 2668 1254 2755 Car·

141 2792 246 2859 duur
275 2804 439 2883 nutffans

221 2891 389 2971 Quaado
419 2895 491 2980 lam
521 2892 563 2961 ie
587 2912 687 2960 eausa
711 2888 875 2963 materiali
906 2891 1127 2980 vegetationis
1149 2908 1262 2973 senso

142 3008 212 3074 est,
242 2996 341 3061 etiam
360 2995 631 3062 eousitierantlum
654 2996 858 3074 crediderim,
884 2994 1042 3083 quautam
1058 2986 1269 3093 ementitur„

140 3101 177 3164 in
209 3079 375 3164 littoribus
407 3100 508 3165 maris
535 3111 650 3167 eontra
680 3097 776 3166 elima
803 3094 858 3164 vel
883 3099 1072 3185 temperiem
1095 3099 1184 3164 atris
1207 3094 1269 3173 ιιι,-·.

140 3194 225 3289 atari
255 3200 447 3282 videantur,
472 3212 506 3267 et
527 3213 700 3291 quantum,
725 3219 794 3265 non
815 3211 939 3266 mutum
962 3197 1161 3289 vegeubilia
1193 3230 1206 3254 a
1249 3251 1267 3264 ,ι

19 3382 25 3393 ,
140 3296 215 3391 prie
247 3299 336 3368 salsa
371 3302 414 3368 ιιι
438 3301 551 3369 littora
576 3305 676 3369 maris
701 3321 817 3393 versus
846 3303 1102 3390 septentrionem

143 3405 221 3470 dant
246 3403 381 3492 lougius
414 3425 511 3494 quam
542 3402 639 3472 elima
670 3406 873 3491 permiserit,
910 3403 1150 3471 verumetiam
1182 3404 1217 3456 -'

141 3504 274 3595 plantae
300 3528 368 3573 non
392 3506 472 3575 alibi
496 3509 697 3585 maritimae,
722 3508 821 3574 immo
846 3509 943 3572 etiam
968 3503 1104 3571 arbores
1127 3524 1187 3571 ex.
1226 3515 1271 3574 »ι’

61 3657 66 3667 ,
144 3602 543 3698 Aluur‘g'lutiuosa,
568 3605 765 3696 Hippopbae
791 3608 930 3698 leuique
951 3608 1130 3676 mefitiarae
1155 3630 1201 3673 or·

146 3734 190 3777 uo
217 3711 357 3781 evadant
382 3724 415 3778 et
440 3712 482 3777 ud
502 3709 613 3777 littora
636 3713 744 3801 maris
758 3710 1010 3799 septentrionem
1031 3730 1149 3777 versus
1165 3733 1212 3800 qa

146 3827 290 3900 serpant.
357 3802 553 3880 Praesertim
592 3813 704 3903 varias
742 3809 874 3900 plantae
906 3808 1069 3880 australes
1102 3811 1221 3881 telem

146 3916 299 3984 videntur
325 3914 408 3984 mari
434 3912 494 3982 illo
524 3913 771 4008 septentrionali
800 3928 912 3984 uestro
936 3936 1101 4006 nunquam
1127 3912 1221 4010 rongi

1251 4180 1258 4217 ι

1249 4230 1269 4349 ι,
