2550 4492
106 243 181 310 xa¹
252 224 257 231 '
317 263 320 271 ·
392 224 729 321 consenesce
782 242 936 288 nassa

81 414 223 497 'efficiat
256 418 340 490 siais
374 430 448 510 ejus
485 427 639 491 insularis
673 441 708 493 et
731 431 874 493 maxime
903 426 1075 494 orientalis
1101 431 1140 492 in

106 532 160 601 dio
194 531 292 593 maris
306 527 512 607 orientaliS,
552 533 603 594 cui
639 529 850 595 adscribimus
882 528 1073 596 Sorbum
1083 529 1162 594 Ar.

106 635 203 700 etiam
229 634 265 695 in
291 631 418 697 Gotske
443 631 574 727 Sand'dn
594 631 732 721 aliisque
746 635 813 696 oris
828 653 894 697 non
910 631 1066 697 calcaneis
1082 634 1162 698 obv:

209 718 394 807 olandia
422 755 550 829 quoque
576 747 612 801 ut
637 747 705 800 tota
732 733 878 801 calcarea
903 735 987 799 infra
1014 735 1158 800 tractabi

105 838 164 910 sed
190 858 354 932 neque]
325 840 397 927 ejus
423 858 538 902 ontnes
562 841 778 923 proprietates
803 861 822 901 a
848 837 920 901 solo
948 850 1083 913 tautum,
1108 855 1162 901 vet

106 944 203 1005 etiam
233 962 254 1002 a
279 939 344 1002 situ
367 942 492 1002 marino
516 937 643 1003 elevato
664 940 878 1018 derivandae,
905 961 968 1027 quo
992 937 1030 1004 fit
1057 954 1095 1003 ut
1116 956 1162 1004 ιιι

1 1119 2 1124 ¹
79 1041 282 1135 ΙιιΙΡειιιιιιιι
326 1055 473 1114 naturam
514 1064 574 1106 sua
609 1040 760 1106 Carice
795 1039 1011 1120 obtusam,
1054 1041 1162 1106 liant

103 1143 204 1209 culo
233 1139 427 1231 illyrico,
452 1143 753 1210 Helianthemo
779 1143 1002 1210 celandico
1026 1146 1162 1231 patelact

103 1247 235 1324 induat,
261 1268 357 1334 quam
381 1245 451 1312 ulla
476 1243 541 1310 alia
566 1267 642 1332 pars
667 1247 814 1312 Sveciae.

207 1346 451 1420 Smolandia
489 1353 665 1418 maximam
703 1363 827 1436 partem
862 1349 1026 1415 thhiae
1069 1368 1162 1416 vens

105 1455 312 1528 orientem
340 1453 561 1530 constituens,
595 1466 702 1515 tamen
730 1453 817 1539 apud
840 1473 902 1516 nos
927 1475 1030 1540 aeque
1057 1476 1094 1515 ac
1118 1454 1162 1519 his

103 1558 189 1619 ticos
218 1554 364 1623 indivise
394 1549 448 1617 vel
473 1557 582 1639 potius
609 1557 762 1619 continua
785 1567 904 1619 manet.
956 1555 1004 1620 ln‘
1019 1554 1111 1619 nulla
1133 1576 1162 1619 eo

103 1656 169 1726 alia
194 1656 260 1724 ta'm
283 1670 376 1721 vasta
402 1659 539 1745 regione
562 1655 768 1742 procedendo
795 1654 835 1720 ab
860 1660 985 1723 oriente
1012 1660 1046 1721 in
1060 1658 1162 1722 occid

75 1738 80 1757 ⁸
102 1773 168 1829 tem
198 1772 264 1823 tam
297 1759 451 1827 continue
465 1772 469 1781 “
484 1761 699 1844 vegetationis
725 1760 921 1825 mutationes
948 1762 1103 1847 persequi
1123 1759 1162 1824 lic

103 1872 136 1932 ct
168 1861 297 1947 quidem
326 1861 361 1931 id
388 1878 493 1949 usque
527 1862 602 1927 dum
631 1866 665 1925 in
696 1883 852 1955 summam
878 1861 1104 1940 sterilitatem,
1136 1884 1162 1951 qt

102 1966 200 2030 etiam
237 1961 389 2033 ultimae«
408 1964 536 2029 videtur
573 1963 792 2030 smolandicae
825 1978 978 2041 naturae,
1014 1961 1121 2028 abeat.

100 2068 210 2151 itaque
243 2067 435 2150 incipiamus
467 2064 726 2132 aCalmariensi
756 2064 991 2152 gubernatione
1024 2080 1162 2151 septena

100 2166 220 2239 naliori
263 2159 364 2261 supra
395 2167 592 2247 Vestervilt‚
636 2167 753 2234 nullibi
784 2171 887 2256 magis
921 2167 1154 2256 Ostrogothica

99 2271 219 2340 laetior
246 2275 423 2359 vegetatio,
454 2292 568 2364 eaque,
587 2285 629 2334 ¹nt
655 2276 701 2336 ita
728 2271 842 2349 dicam,
865 2271 1009 2336 ver'nalis
1036 2275 1162 2361 reperit:

9 2364 12 2368 ’
99 2387 212 2466 utpote
249 2372 380 2466 fulgens
419 2372 607 2438 laetissimis
646 2385 678 2443 et
717 2377 862 2438 suecosis
901 2375 970 2436 suis
1003 2370 1162 2458 Melampy

96 2473 356 2544 'versicoloribus
381 2490 413 2540 et
437 2475 623 2547 Orobide
650 2474 891 2546 sambuclna
919 2472 979 2540 ne'c
1003 2496 1069 2541 non
1092 2474 1162 2538 Cot

99 2576 188 2642 deli
217 2598 319 2645 cava
360 2580 482 2655 eximie
524 2582 647 2642 ornatis
678 2593 745 2642 tum
779 2582 905 2648 carneis
939 2591 1008 2646 tum
1039 2572 1162 2643 albissit

99 2677 253 2759 floribus,
277 2682 377 2769 juxta
403 2701 507 2794 ques
502 2679 605 2743 altius
630 2681 715 2751 intra
735 2701 809 2745 ores
832 2681 970 2773 Trapa
993 2694 1144 2745 natans

98 2784 240 2851 tendum
261 2783 432 2873 detegitur.
473 2781 632 2874 Reliqua
665 2780 899 2848 Calmariensis
930 2784 1023 2870 regio
1047 2783 1162 2848 infra*

97 2886 242 2976 positum
277 2883 429 2976 angultun
465 2876 754 3007 septentrionalem
786 2874 958 2950 Oelandiee
983 2888 1162 2976 macriorq

99 2987 173 3051 dem
203 3000 253 3050 est
285 2999 399 3072 utpote
435 2990 538 3074 magis
570 2991 779 3074 campestris,
813 2990 871 3053 sed
894 3001 1036 3052 ceterum
1065 2987 1162 3053 fere

98 3089 182 3157 dam·
234 3087 320 3156 Mox
355 3088 576 3158 Smolandiam
612 3092 799 3158 interiorem
834 3089 1068 3161 adscendentes
1097 3092 1161 3154 ami

96 3211 168 3258 mus
215 3187 513 3280 Asclepiadem
566 3191 922 3269 Vincetoxicnm,
957 3189 1162 3263 Latbraeat

96 3291 356 3370 Seniculam,
401 3291 691 3359 Athamantem
728 3294 990 3373 Libanoten,
1031 3295 1162 3360 Lenis

96 3386 180 3462 aaut
212 3391 482 3483 Xylcsteum,
514 3395 734 3466 Rhamuum
764 3384 1056 3471 catharticum
1091 3399 1150 3467 sed

97 3519 256 3564 sutmnum
287 3501 358 3580 ejus
388 3498 504 3583 jugum
528 3512 642 3567 contra
665 3502 852 3587 attingimus
876 3499 1075 3585 Thasium
1092 3500 1162 3585 'alp

94 3619 190 3663 num
230 3611 262 3687 e‘t
296 3599 576 3668 Potentillam
602 3602 805 3678 amulam,
841 3600 916 3668 huic
940 3601 1052 3669 Zonae
1079 3606 1162 3669 omni

95 3704 255 3787 proprias.
307 3701 395 3766 Dein
428 3705 461 3765 in
491 3703 677 3771 Smolandia
711 3706 817 3768 media
840 3707 924 3768 circa
947 3704 1108 3791 Helgasjd
1136 3728 1162 3768 οι

95 3802 138 3866 lis
168 3824 205 3870 se
243 3802 424 3871 subducunt
459 3804 758 3895 Melampyrum
790 3828 1072 3887 nemorosum,
1111 3808 1161 3874 Al
