2550 4492
118 226 217 278 XXXVI
401 232 737 283 CONSPECTUS
790 231 946 276 nudat

116 421 213 491 modo
244 417 426 502 coincidit),
464 420 568 504 magis
599 418 748 480 minusve
775 429 919 482 remotus
949 416 1075 493 evadit,
1115 434 1148 484 et
1205 434 1215 474 ι

116 542 244 613 quoqne
275 523 429 606 regiones
461 521 634 585 inferiores
662 523 765 607 magis
792 523 970 592 maritimae
998 524 1215 607 conveniens!

116 641 250 692 naturae
275 622 448 687 dilatantur
470 621 770 709 relangustantnr.

217 726 428 812 Regiones
463 726 696 795 inferiores
731 728 862 811 magis
904 709 1136 791 maritimae
1170 738 1214 786 v

114 828 275 896 littorales
302 829 342 890 ad
368 841 470 891 totum
498 830 605 891 sinum
626 825 812 893 Bottnicum
837 827 946 891 latiori
974 850 1073 892 sensu
1100 831 1215 914 (etant

113 955 150 995 re
181 930 366 996 Bottnicum
393 953 452 1014 per
476 951 512 993 se
533 932 629 994 etiarn
655 931 852 1014 includente)
881 934 979 1007 sitae,
1010 955 1077 995 non
1101 938 1215 997 tantu!

9 1094 12 1099 .
95 1037 200 1098 dicto
232 1035 328 1096 rnodo
360 1031 531 1117 latitudine
558 1036 644 1096 inter
673 1045 710 1095 se
737 1034 905 1109 differunt,
940 1035 1014 1111 sed,
1042 1033 1099 1097 ubi
1118 1025 1215 1099 ternnl'

114 1154 176 1200 nus
199 1135 350 1199 lacustris
378 1138 421 1199 iis
445 1134 499 1199 vel
523 1139 633 1220 potius
652 1137 734 1198 mari
756 1138 901 1220 propior,
929 1135 976 1200 ibi
1001 1130 1099 1200 etiarn
1121 1128 1215 1223 magi

113 1253 282 1304 montosae
315 1239 466 1301 evadunt.
534 1237 588 1301 Sic
624 1236 874 1302 Vestrobottnia
908 1241 1051 1303 omnium
1081 1244 1215 1305 ιιιιιιιίιιι1

114 1344 363 1426 carnpestrissct
387 1343 594 1433 saepequasi
614 1338 777 1403 alluvialis
797 1354 857 1417 est,
886 1361 958 1403 cunr
973 1359 1086 1405 contra
1100 1335 1215 1415 Mede}

18 1507 20 1510 .
111 1446 207 1532 padia
233 1445 327 1530 quasi
350 1445 513 1529 particeps
539 1443 623 1506 facta
645 1445 687 1506 sit
711 1445 869 1506 montium
891 1443 931 1505 ad
947 1448 1120 1535 terminum
1138 1440 1215 1539 laoq'

113 1562 212 1613 strern
236 1543 451 1611 Jemtlandiae
475 1545 711 1631 quodammodo
731 1547 962 1629 pertinentium
979 1568 1122 1610 necnon
1140 1550 1215 1632 ajars

112 1651 185 1713 dom
216 1648 399 1733 plantarum
426 1663 462 1712 ut
492 1646 664 1711 Aconiti
693 1648 951 1730 Lycoctoni‚
987 1649 1215 1727 Polernonil

112 1749 292 1815 oaerulei.
352 1749 436 1813 Sunt
470 1771 598 1836 quoqne
631 1748 716 1812 aliae
744 1750 950 1812 diversitates
978 1753 1066 1814 inter
1087 1740 1215 1817 Vestro·

111 1853 269 1918 bottnianr
294 1865 326 1915 ct
346 1842 576 1917 Norrlandiam
603 1854 734 1936 proprie
761 1854 808 1915 sic
834 1852 967 1926 dicta1n3
998 1853 1038 1946 iu
1064 1851 1128 1917 hac
1152 1853 1215 1919 scil

110 1953 257 2021 crescere
290 1955 449 2020 desinunt.
474 1951 641 2021 Drabellae
668 1951 854 2043 (abrabae
877 1955 1005 2036 annum)
1035 1968 1069 2018 et
1094 1957 1215 2042 quiden

110 2059 249 2143 deniqne
269 2053 412 2131 *floribus
437 2055 538 2137 luteis
565 2057 785 2134 instruuntur,
814 2057 897 2118 sicut
917 2054 1037 2120 Drabae
1060 2078 1215 2141 perennet

110 2164 206 2227 etiarn
235 2159 276 2222 ad
298 2179 441 2222 summas
469 2159 594 2246 glacies
620 2157 741 2242 alpium
769 2146 905 2222 floribus
932 2157 1031 2222 luteis
1053 2157 1215 2239 finiuntur

23 2248 25 2251 ⁵
109 2301 159 2310 -
186 2262 314 2327 Dantur
340 2281 468 2349 quoqne
494 2263 707 2345 exceptiones
738 2263 772 2324 in
795 2261 960 2344 praedicta
985 2260 1215 2346 dispositione,

109 2351 314 2450 ceteramque
340 2366 432 2428 varia
454 2345 667 2442 observanda.
695 2363 784 2428 Ex.
807 2385 856 2448 gr.
882 2361 1019 2426 Flumen
1042 2367 1215 2430 niaximum

56 2447 63 2458 ⁵
107 2466 402 2554 alugerrnannicum
430 2465 574 2550 longiori
603 2446 704 2530 ductu
735 2466 821 2529 inira
847 2464 939 2539 lacus
969 2468 1113 2531 minores
1142 2487 1213 2549 per·

107 2573 235 2634 ducitur
271 2581 304 2632 et
342 2570 390 2632 sic
422 2567 548 2632 insulas
579 2565 755 2630 fluviatiles
789 2567 985 2645 conformat,
1019 2570 1055 2631 in
1085 2588 1214 2656 quarum

105 2672 219 2759 glarea
252 2669 449 2755 'l'amarix
483 2672 725 2754 germanica
756 2667 825 2734 sere
857 2668 946 2747 sola,
983 2671 1080 2758 eique
1104 2690 1215 2739 conso·

107 2777 190 2840 oiata
222 2771 344 2839 Salix
378 2768 640 2857 amygdalina
672 2783 732 2834 etc.
770 2806 821 2819 -·
856 2770 1158 2860 Exsistit'quoquo
1181 2775 1215 2837 io

104 2876 281 2962 Helsingia
311 2877 404 2962 quasi
441 2875 537 2961 regio*
566 2872 717 2941 lacustris
749 2893 848 2963 supra
873 2873 983 2939 littora
1008 2879 1108 2940 maris
1134 2877 1215 2941 circa

103 2977 195 3046 lacus
220 2977 297 3041 illos
321 2977 440 3043 Dellen
464 2990 525 3040 etc.
553 2978 627 3041 sita.
978 3047 981 3051 ,
1180 2960 1185 2970 x

205 3079 258 3146 De
292 3077 536 3144 Dalecarlia
569 3077 815 3166 observandum,
837 3078 983 3159 videtur,
1028 3082 1117 3168 quod
1148 3083 1213 3165 jas

7 3226 11 3230 -
104 3183 151 3267 (in
178 3196 263 3246 statu
286 3183 465 3267 praesenti)
493 3194 606 3245 nostro
631 3202 730 3246 sensu
757 3181 796 3244 ad
820 3178 1050 3261 Norrlandiam
1063 3186 1213 3267 pertinet,⁸

103 3297 216 3370 utpote
244 3304 325 3372 quae
355 3285 391 3347 in
414 3304 503 3354 marc
526 3280 713 3349 Bottnicum
736 3303 813 3348 suas
837 3307 938 3373 aquas
966 3285 1122 3362 effundit3
1160 3282 1212 3350 sed

61 3443 64 3448 .
103 3400 178 3450 ante
201 3385 368 3451 hominum
391 3386 565 3450 adventurn
588 3407 689 3474 aquas
715 3405 794 3450 suas·
819 3390 890 3452 sine
911 3385 1009 3451 dubio
1035 3387 1110 3452 lacu
1137 3387 1213 3452 Me·

20 3549 22 3552 ,
102 3488 165 3553 leri
194 3489 298 3565 dedit,
335 3500 368 3551 et
390 3487 465 3552 ideo
492 3508 591 3553 sensu
616 3488 756 3572 natrrrali
785 3492 868 3555 sicut
890 3489 1025 3577 politico
1052 3489 1214 3559 Sreciae

87 3610 175 3678 per
209 3612 251 3654 re
283 3592 388 3677 uragis
410 3593 577 3677 pertinuit.
638 3589 828 3659 Oscillando
860 3595 945 3656 inter
968 3592 1075 3658 laeum
1102 3592 1215 3659 Mecla-

100 3681 160 3758 ren
207 3706 240 3756 ot
282 3713 370 3759 mare
414 3691 601 3762 Bottnicum
638 3691 759 3759 flumen
801 3691 1040 3760 Dalecarlicum
1085 3716 1215 3785 quoquo

7 3865 18 3886 ,
101 3794 285 3896 Uplandise
336 3794 420 3864 adeo
462 3787 583 3864 teriam
631 3795 799 3885 deposuit,
842 3810 878 3863 ut
923 3795 1005 3879 liaeo
1045 3800 1215 3887 provincia
