2550 4492
417 282 750 411 ponteseram
1047 285 1120 365 255

118 493 156 558 P.
178 490 345 559 asarilolia
370 493 537 558 Misimus
559 492 635 558 lton·
653 514 760 556 (enzer.
785 515 813 556 1.
830 505 871 578 p.
894 489 979 557 151.

77 577 165 642 Hab.
193 581 229 643 in
254 580 357 665 sylvis
378 579 570 644 siccioribus
595 579 703 643 densis
727 578 874 663 abiegnis
897 602 959 664 per
980 575 1122 662 provin-

120 666 186 729 cias
209 675 357 728 ceterum
382 665 460 727 sutis
484 676 685 748 campestres
721 663 805 752 (lere
829 676 864 727 ut
886 664 1120 746 Monotropa),

120 763 158 812 ut
179 748 441 815 Daleoarliae
470 751 509 810 ad
537 749 802 834 Hyckjeberget,
837 747 1059 835 Uplanslise
1082 746 1121 808 ad

121 836 248 922 Upsala
278 846 310 897 et
334 835 544 904 Storlrbolm,
585 834 900 916 Vestrogotlrise
929 833 963 897 in
986 831 1123 917 Ktytia-

121 943 243 995 moen,
279 917 573 1004 Ostrogotbiae
595 917 629 982 in
655 919 750 989 Kisa,
782 921 822 982 nd
845 915 1023 1001 Godegtrd
1044 928 1122 993 eto,

122 1005 375 1068 Smolandise
415 1003 554 1092 passim,
594 1003 848 1090 lllekingiee,
883 1004 1122 1072 Hatlainttae

122 1094 161 1153 sd
184 1091 342 1176 Thorup‚
373 1089 620 1154 Gotlandiae
645 1091 686 1154 ad
709 1089 923 1172 Tborsborg‚
954 1101 1017 1153 etc.

78 1179 164 1238 Folia
190 1179 370 1259 plerumque
405 1177 531 1236 dimidio
558 1179 677 1236 minora
705 1199 793 1257 quum
823 1178 963 1258 proxime
992 1193 1122 1256 sequena

77 1289 130 1340 im,
161 1265 281 1343 saepius
311 1265 419 1323 latiora
447 1285 534 1344 quam
557 1266 661 1344 longa,
694 1265 853 1322 saturatins
874 1263 984 1322 viridia
1008 1274 1038 1320 et
1059 1283 1123 1320 nra-

77 1376 80 1407 1
111 1353 246 1410 coriacea
271 1359 306 1408 ut
331 1360 395 1409 tota
422 1352 533 1429 planta.
584 1350 732 1430 Squamae
760 1367 864 1408 onmes
890 1357 1031 1430 angustae
1058 1354 1122 1405 nori

77 1440 271 1517 rplectautes,
298 1439 493 1497 virescentes.
534 1436 638 1496 Flores
669 1437 734 1495 sere
756 1437 889 1516 globosi,
918 1435 1021 1516 paullo
1053 1443 1123 1513 post

77 1526 203 1583 lstitium
228 1522 327 1599 obvii,
353 1524 463 1582 coloris
489 1523 598 1585 citrini.
641 1513 821 1600 Filarnenta‚
849 1523 945 1604 stylus
969 1531 999 1588 et
1017 1521 1124 1600 stigma

77 1633 128 1670 ,am
148 1611 311 1670 virescunt.
409 1634 412 1640 ·
1095 1632 1100 1642 ·

77 1730 112 1795 16.
143 1730 342 1797 PYROLA
371 1729 620 1816 rotundifolia:
662 1752 761 1818 scapo
791 1749 961 1796 racemoso
990 1725 1123 1794 inferne

120 1818 269 1902 squamis
312 1817 585 1904 amplectentibus
623 1815 791 1895 cariosis,
835 1815 1031 1881 staminibus
1063 1813 1124 1876 ud·

122 1904 376 1979 scandentibus,
408 1901 531 1992 pistillo
555 1903 718 1967 declinato
746 1902 894 1967 colorato
918 1900 1035 1987 petalis
1060 1919 1123 1960 ex-

120 1990 233 2073 pansis
259 1986 421 2073 longiore.
475 1987 581 2051 Limu'
608 2011 693 2054 eveo.
724 2011 754 2054 u.
788 1986 861 2056 560.
887 2009 974 2072 spec.
1000 1985 1048 2071 pt.
1071 1983 1122 2047 ecl.

124 2073 243 2220 Willsg.
266 2093 296 2136 2.
318 2096 352 2159 p.
376 2075 448 2140 621.
496 2073 553 2138 Su.
573 2071 649 2138 Bor.
673 2083 698 2137 t.
718 2073 792 2140 504.
833 2069 1007 2144 Wctbleub.
1029 2070 1122 2167 lupp.

120 2181 154 2222 η’
178 2179 218 2222 20
242 2202 250 2223 0

88 2242 172 2306 Hal).
195 2242 232 2304 in
254 2240 361 2328 sylvis
383 2239 592 2306 sublmmidis
616 2264 679 2328 per
701 2254 802 2309 totam
829 2236 982 2309 Srecians
1002 2243 1122 2332 praeci-

122 2347 190 2412 pne
212 2328 504 2414 septentrionalem
525 2326 669 2416 pussim3
691 2327 958 2405 Scaniaerartus.

86 2411 163 2473 Folia
193 2417 231 2474 ad
259 2415 346 2475 basin
374 2417 456 2495 scapi
484 2415 663 2493 plerumque
692 2415 764 2491 trin,
791 2418 991 2492 subrotunda,
1031 2439 1121 2500 saepe
1211 2478 1216 2485 ,

77 2496 89 2554 Ῐ1
111 2502 231 2560 unciam
254 2502 323 2560 lata.
364 2501 513 2580 Squamae
543 2502 623 2560 iuter
653 2501 726 2562 solia
756 2523 878 2583 scapum
905 2506 1120 2584 amplectentes

77 2596 232 2666 ugentes
260 2589 396 2646 obtusae.
441 2586 544 2646 Flores
575 2597 645 2666 post
674 2589 837 2648 solstitium
865 2592 995 2650 maxime
1024 2594 1122 2671 aperti

79 2673 227 2751 ajoresque
251 2694 341 2751 quam
362 2674 395 2731 in
414 2673 578 2751 proximis,
601 2673 691 2734 nivei.
735 2672 884 2735 Pistilhun
906 2680 1027 2738 rubens.
1057 2678 1120 2738 An-

79 2775 138 2816 erse
160 2759 276 2817 tubulis
299 2759 521 2838 angustioribus
541 2759 728 2819 aurantiacis.
1100 2788 1103 2793 ·

77 2871 111 2958 57.
132 2875 327 2940 PYROLA
347 2877 484 2973 merline·
503 2899 602 2964 scapo
625 2884 795 2942 racemoso
819 2881 950 2947 inferne
973 2882 1120 2969 squamis

120 2962 395 3046 amplectentibus
426 2962 595 3042 scariosis,
628 2968 824 3032 staminibus
846 2968 962 3050 rectis,
994 2969 1119 3054 pistillo

120 3047 240 3111 florem
287 3047 462 3199 pllobosum
491 3049 755 3198 Isqubespcedente
802 3055 931 3175 clapato
979 3055 1118 3121 radiato.

117 3137 370 3282 strete·
385 3133 770 3309 sustitit.
794 3149 1014 3311 attan:
1039 3139 1120 3290 stt:

119 3301 171 3366 28.
201 3311 225 3365 t.
255 3300 345 3386 1943.
389 3304 505 3400 Rosea
525 3242 615 3371 lxliv.
642 3304 712 3370 Act
752 3304 832 3392 Ups.
858 3303 964 3377 VIII.
988 3331 1022 3392 p.
1047 3331 1119 3394 117.

117 3386 193 3468 257.
237 3387 442 3452 .Rets.'dzss.
455 3388 501 3480 fl.
523 3390 638 3458 secsucl.
658 3391 769 3480 suppl.
793 3413 823 3456 2.
841 3416 876 3482 p.
899 3394 930 3459 8.
974 3393 1116 3460 Hartm.

120 3469 160 3537 V
157 3481 201 3536 et.
219 3477 286 3537 Ac.
307 3472 439 3537 Haurit.
465 3473 558 3540 1814.
578 3498 615 3562 p.
635 3475 686 3562 98.
730 3477 1117 3566 F1·iesliolluncl.p.71.

121 3555 175 3622 W
176 3557 268 3620 alell).
288 3557 422 3639 gotlieb.
441 3580 477 3669 p.
499 3560 552 3626 43.
615 3602 618 3607 <

122 3641 160 3709 P.
180 3641 398 3707 rotundifolia
420 3643 514 3708 Itlor.
538 3643 632 3711 Dan.
658 3656 683 3711 t.
707 3670 776 3714 110.

77 3740 165 3809 Heb.
194 3742 231 3805 in
258 3743 364 3831 sylvis
383 3743 567 3832 laetioribus
590 3748 662 3814 sive
686 3747 890 3815 formatione
912 3750 1119 3819 transitionis

115 3823 267 3894 fundatis
309 3841 347 3896 ut
381 3829 624 3900 Gotlendiae
657 3834 698 3901 ad
726 3831 894 3924 Friggbrd
927 3833 1047 3907 ntitas
1085 3852 1119 3907 et
