2550 4492
323 642 866 745 rubnoueuoa

20 856 25 1039 l
54 904 180 1047 Unus,
221 977 259 1032 ct
303 965 397 1052 quod
436 965 602 1042 excurrit,
648 965 715 1048 jam
753 961 976 1050 praeterfluxit
1014 986 1138 1047 ausos,

55 1094 143 1157 quum
171 1069 330 1158 primum
358 1066 444 1133 sacta
470 1059 585 1133 Florae
607 1062 754 1130 Svecicoe
775 1088 870 1131 norae
898 1065 1077 1153 promissio
1099 1064 1134 1129 in

56 1169 215 1256 publicum
240 1168 340 1249 esiir.
383 1167 518 1258 luterim
541 1167 621 1232 darn
644 1175 730 1229 tants
752 1176 786 1229 et
806 1166 995 1231 citationum
1018 1181 1049 1231 et
1071 1188 1137 1231 no-

56 1293 160 1336 varum
192 1293 311 1340 rerum
347 1271 454 1345 moles
476 1281 576 1334 suctu
605 1267 730 1349 crevit,
750 1278 782 1330 et
803 1290 878 1333 cum
902 1279 1080 1352 practerea,
1102 1264 1136 1328 iu

55 1372 117 1459 ipset
145 1373 236 1458 typis
268 1370 482 1437 exscribendi
510 1369 608 1450 corb,
638 1390 699 1455 pro
725 1380 795 1433 rata
826 1367 1133 1455 Munuscriptorum

55 1482 157 1558 parte,
194 1471 339 1559 plagulae
374 1471 543 1561 impressae
573 1467 711 1555 scriptas
743 1483 961 1558 superarout3
998 1474 1064 1557 jem
1094 1493 1135 1537 eo

54 1581 247 1657 perventum
270 1582 340 1645 est,
371 1583 421 1645 ut,
454 1591 555 1655 quum
575 1564 752 1635 dimidium
774 1570 882 1658 operis
904 1572 936 1634 in
961 1573 1134 1658 procinctu

54 1677 80 1728 et
104 1671 194 1765 typis
224 1680 379 1755 ornatum
404 1671 584 1748 habemus,
612 1681 716 1739 totum
748 1675 938 1743 eldenium
958 1673 1051 1742 onisii
1072 1688 1133 1735 sno

55 1768 238 1832 absolutum
281 1790 422 1834 numero
457 1769 720 1855 quinquagenas,
767 1784 890 1859 praeter
917 1774 1133 1860 opinionem,

53 1867 198 1956 plagulas
236 1867 308 1933 sore
343 1891 573 1937 excessurum.
609 1891 674 1959 pro
709 1882 800 1936 certo
834 1886 999 1960 appareat.
1054 1872 1133 1955 Quo

54 1969 134 2032 sacto
169 1969 276 2049 liber,
310 1981 450 2054 propter
482 1969 754 2058 amplitudinem,
803 1993 846 2034 ex
887 1994 953 2034 uno
987 1974 1025 2037 sul
1058 1972 1134 2035 bina

55 2072 199 2138 excrevit
238 2069 419 2138 volumina.
488 2072 542 2137 Ne
570 2085 681 2137 tamen
712 2073 976 2158 subscriptorum
1008 2073 1135 2138 interea

56 2177 234 2242 frustretur
256 2167 476 2251 desiderium,
509 2172 668 2257 quoniam
688 2170 888 2248 adtentum,
924 2183 990 2237 tam
1011 2172 1135 2259 spatio-

56 2300 123 2340 sum
157 2268 320 2360 preloque
351 2268 487 2356 insuper
508 2273 687 2338 molestum
712 2292 798 2358 opus
818 2271 882 2334 rite
904 2270 1132 2356 peragendum

58 2375 230 2440 dimidium
253 2368 361 2434 adhue
382 2370 459 2435 anni
481 2371 541 2436 vix
564 2368 722 2451 sufficiat3
750 2369 896 2458 primam
917 2370 1023 2457 ipsius
1050 2390 1133 2437 conv

10 2538 12 2575 Ι
56 2488 159 2542 textus
187 2486 319 2563 partem
355 2472 392 2539 in
420 2476 529 2542 lucem
562 2473 763 2562 praemittere
786 2481 974 2537 statuerunt
995 2473 1132 2538 redom-

58 2573 143 2642 lores.
204 2571 297 2638 Huic
330 2594 413 2636 vero
436 2574 522 2661 parti
548 2595 608 2638 nec
643 2571 813 2658 praefigere
845 2569 1133 2637 lutroiluetiouem

63 2672 327 2764 geographieam‚
356 2697 416 2741 nec
436 2672 701 2740 Commentarios
722 2675 938 2761 subjungere,
966 2698 1047 2762 quos
1069 2699 1134 2766 po-

10 2812 12 2825 =
59 2782 110 2848 tius
124 2783 165 2848 ad
185 2779 290 2845 linem
316 2777 573 2854 reservabimus,
594 2798 753 2862 quosque,
776 2789 892 2864 utpote
907 2779 1136 2862 generaliores

10 2904 12 2937 ⁵
56 2911 113 2952 uon
133 2884 202 2950 nisi
233 2877 484 2970 specialioribus
505 2879 625 2959 linitis,
653 2879 841 2946 exhibuisse
862 2882 1037 2961 debemus,
1071 2905 1135 2970 pro

55 3000 199 3076 tempore
230 2981 337 3050 licuit.
390 2977 475 3063 Quae
512 3001 616 3065 quum
644 2977 689 3040 ita
726 2992 820 3058 sunt,
852 2981 936 3044 hauc
971 2982 1033 3047 sibl
1060 2984 1134 3070 ipsa

54 3112 97 3155 res
129 3081 289 3174 exposcit
324 3076 473 3161 veniam,
508 3103 552 3144 ne
581 3077 666 3143 intra
699 3079 819 3147 limites
847 3084 946 3168 hujus
985 3096 1133 3150 tantoru-

10 3234 12 3267 ;
54 3188 147 3255 modo
171 3182 301 3274 partis,
331 3200 435 3264 guam
465 3179 619 3246 omnibus
640 3181 773 3264 maioris
797 3194 886 3247 certe
906 3183 1069 3249 momenti
1092 3183 1133 3250 do

10 3286 12 3359 l
54 3283 296 3377 compositione
333 3279 442 3366 operis
467 3279 606 3346 instituti
644 3282 936 3369 explicationibus,
976 3285 1134 3369 oninique

54 3410 122 3455 usus
143 3381 289 3476 practici
310 3376 468 3445 methodo
490 3401 579 3449 nunc
600 3381 787 3448 destitutam
808 3383 948 3461 videbis,
968 3382 1132 3469 judicium

55 3504 80 3556 et
102 3489 235 3557 trutina
270 3491 432 3546 versetur.
505 3481 677 3570 Quidquid
708 3483 851 3568 denique
882 3485 1132 3570 corrigendiue,

55 3590 297 3661 rmeiulandum
328 3580 555 3649 addendumve
573 3587 632 3663 sit,
665 3583 817 3655 itt-finem
841 3588 944 3673 partis
966 3585 1132 3672 posterio-

54 3694 90 3762 ris
108 3699 320 3789 subjungere
343 3682 404 3747 sibi
432 3697 636 3754 reservatum
658 3686 764 3753 voluit
784 3703 909 3757 auctor.
955 3685 1131 3775 llissspeaav
