2542 4500
148 245 249 293 xrxru
431 214 765 295 eonsenorus
817 243 974 289 nuent

36 430 40 439 ’
124 431 412 499 'subdivisionem
442 427 539 513 hujus
569 420 714 514 regionis
747 419 983 515 quodammodo
1019 428 1148 493 efficere
1171 429 1216 493 vid

146 553 200 600 tur
223 531 401 619 Carpinus',
426 534 473 594 ita
493 545 603 596 tamen
630 543 665 593 ut
690 524 762 614 ejus
785 534 942 594 terminus
965 544 1081 594 versus
1103 535 1204 594 orient
1250 532 1263 579 ’-

146 640 256 725 potius
290 634 481 711 adscendet,
516 649 589 704 eum
616 624 713 696 etiam
739 628 961 725 in'Oelandia
987 632 1085 710 altius
1114 634 1228 720 quam'

47 775 51 781 ·
146 762 208 826 psa
233 741 342 823 Fagus
369 747 524 800 occurrat.
562 728 658 819 Ejus
682 736 838 798 terminus
860 727 970 819 ἰιιιιιιιιι
992 729 1133 800 termino
1158 733 1204 812 Qu

148 863 206 906 eus
236 843 340 927 magis
366 828 554 947 parallelus
567 829 724 911 videtur.
737 874 787 883 -
806 827 935 899 Paullo
962 852 1060 931 supra
1089 841 1200 902 termin

147 943 273 1029 Fagi'
263 964 299 1007 ιιι
323 934 509 1028 utriusque
516 942 619 1005 maris
640 928 777 1002 insulis'
776 935 917 1002 erescit
926 926 1177 1024 Euphorbia
1174 956 1231 1026 pe

147 1044 323 1122 lustris,
350 1055 423 1108 nee
421 1036 588 1108 e'et'erttm
587 1019 679 1106 ullo
688 1030 784 1106 Ιιιιιιι

241 1248 243 1256 ·
267 1182 341 1281 ΙΙΙ.
379 1199 535 1279 donin
569 1204 696 1282 niem
718 1204 1127 1311 nonompnmtnn‘s
1205 1220 1208 1227 “

249 1350 427 1438 Postquam
464 1339 527 1415 lros
567 1353 723 1418 terminos
753 1339 988 1432 quodammodo
1024 1324 1199 1415 transvers

60 1531 63 1539 ¹
146 1451 202 1520 uel
234 1455 275 1518 ad
298 1451 504 1518 latitudinem
535 1452 649 1516 ductos
681 1439 946 1541 qualitercunque
980 1451 1135 1518 definitos
1163 1446 1213 1518 h'

146 1578 237 1636 mus,
266 1559 336 1647 J'am
368 1558 519 1642 sequitur
543 1554 749 1619 diversitates
784 1575 804 1616 a
826 1548 1029 1641 longitudine
1055 1560 1162 1642 magis
1219 1560 1225 1572 ’

147 1658 263 1724 dentes
297 1656 486 1738 recensere,
510 1666 612 1744 quae
644 1648 712 1721 non
741 1660 866 1723 tantum
900 1681 920 1721 ιι
948 1654 1092 1721 maribus
1124 1660 1197 1732 dive
1224 1656 1230 1675 ·

146 1760 384 1848 longitudinem
410 1763 505 1846 regni
526 1760 596 1824 lere
619 1750 869 1846 sequentibus,
880 1771 1004 1824 verum
1023 1759 1130 1826 etiam
1147 1744 1251 1826 ιιιΙ

146 1867 316 1985 stitutione
340 1854 542 1949 geologiea‚
554 1855 636 1948 juga
658 1860 751 1948 plura
773 1876 841 1933 tum
857 1862 1014 1948 alpino
998 1884 1081 1948 Jugo
1086 1848 1257 1963 paralleil

146 1980 216 2031 tum
229 1945 355 2068 ιιιιιιιιι
380 1965 467 2029 idem
491 1957 622 2030 forsan
621 1955 885 2067 deminuendo,
903 1955 1104 2044 efficiente,
1115 1959 1258 2031 veniente

147 2063 346 2138 Constituit
359 2079 489 2130 nostra
504 2071 628 2154 patria
636 2068 774 2153 jugum
766 2054 1039 2187 longitudinele
1042 2045 1257 2153 peninsulam

145 2175 248 2239 iuter
246 2165 486 2235 continentem
515 2167 708 2237 orientalem
740 2175 773 2234 et
798 2168 951 2256 regiones
958 2166 1153 2235 maritimas
1179 2173 1254 2238 ocoi*

146 2260 334 2339 dentales
325 2279 384 2338 ιιιι
400 2275 436 2336 iu
465 2272 572 2337 medio
603 2275 787 2358 positum,
783 2277 838 2336 u't
864 2264 968 2336 latus
978 2254 1138 2337 orientale
1163 2264 1252 2362 longd

146 2377 228 2442 alias
258 2353 393 2441 hebeat
390 2356 538 2462 piantes
576 2397 671 2462 quam
685 2374 800 2461 plaga
818 2369 1047 2440 occidentalis.
1082 2374 1189 2441 Hine
1216 2379 1258 2440 di·

144 2470 335 2544 versitates
337 2467 533 2542 seeundum
559 2475 798 2564 longitudinem
828 2477 881 2541 vel
907 2473 1009 2543 inter
1023 2472 1260 2584 vegetationem

146 2579 340 2648 orientalem
371 2579 415 2643 et
418 2573 664 2647 occidentalem
685 2602 800 2666 parum
816 2583 962 2644 minoris
986 2574 1154 2645 momenti
1161 2580 1259 2659 sunt,

145 2707 243 2773 quam
278 2664 479 2775 seeundum
484 2668 692 2748 latitudinem
724 2671 778 2746 uel
808 2676 894 2745 inter
914 2681 1209 2767 septentrionales
1229 2696 1259 2748 et

143 2783 403 2856 meridionales
419 2786 584 2872 regiones
635 2784 749 2849 Sicut
788 2779 1005 2849 diuersitates
1006 2783 1257 2851 transversaltt

143 2893 319 2978 praecipue
352 2912 373 2953 a
395 2879 626 2976 temperatura
628 2880 782 2974 pendere
806 2891 974 2965 videntur,
1012 2891 1058 2951 ita
1083 2884 1256 2974 longitudi

143 2993 238 3058 noles
269 3016 290 3058 a
321 2992 482 3056 siccitate
501 3004 550 3057 et
543 2975 766 3056 humiditate
782 2994 928 3077 primam
948 2993 1107 3077 originem
1140 2990 1256 3056 habere

142 3109 305 3183 putamus
1258 3102 1263 3183 j

246 3195 414 3282 Alpium
446 3165 802 3285 Lappouioarum
815 3189 929 3260 latus
962 3193 1204 3282 Norvegieum
1211 3184 1263 3261 uti

142 3313 221 3389 pote
252 3320 377 3365 oceano
411 3299 585 3365 obversum
616 3323 635 3363 a
662 3292 797 3362 Sveei'eo
822 3286 925 3363 latere
952 3299 1143 3363 terminibus
1169 3304 1263 3386 prao³

119 3403 256 3468 'sertim
273 3418 280 3427 ”
294 3402 450 3487 Pinorum
488 3402 698 3467 inferioribus
733 3395 863 3466 diffelre
888 3406 966 3464 'non
988 3405 1160 3481 miremur,
1187 3397 1263 3479 *sed

141 3521 286 3594 propter¹
307 3509 471 3570 mitiorem
496 3500 745 3592 brevioremque
768 3500 814 3568 ibi
836 3493 984 3589 hyemem
995 3501 1156 3591 J‘arbores‘
1171 3504 1251 3568 from

143 3610 243 3674 desae
275 3603 558 3674 meridionaliores
594 3607 725 3692 longius
756 3604 849 3694 quasi
860 3595 1097 3697 ‘'juxtaqlittus
1124 3605 1254 3692 serpunt

143 3703 404 3798 septentrionem
421 3732 615 3775 versusex.
629 3733 679 3795 gr.
705 3708 863 3793 Corylus,
886 3709 992 3796 (siout.
1005 3698 1114 3795 Pagus
1136 3713 1171 3775 in
1193 3729 1255 3773 me

119 3832 122 3836 ’
142 3807 434 3897 ridionalioribus).
469 3834 473 3839 ¹
493 3810 682 3879 Nonnullae
698 3811 850 3901 :quoque
867 3801 990 3877 herbae
1015 3812 1171 3878 Sveeioae
1187 3831 1249 3877 ex·
