2550 4492
454 276 604 330 nstro
633 280 827 331 »ornare
988 254 992 267 “
1146 282 1192 332 xr

77 486 179 552 eoden
201 482 313 551 modo
336 498 524 572 comparata
538 498 589 551 ast
610 480 766 573 Segisa
787 483 972 573 apetala,
996 502 1090 572 qnae,
1111 500 1191 573 qna-

80 593 147 674 sie
166 574 356 654 Germania
381 590 596 674 proveniens,
628 591 663 652 in
686 588 804 652 Scania
833 608 931 672 supra
956 585 1067 652 littora
1082 590 1193 652 maris

89 693 135 754 cito
163 703 319 756 crescere
352 689 496 779 desistit,
527 691 564 754 in
584 691 667 775 ipsis
695 705 803 754 autem
830 686 993 755 littoribus
1016 692 1114 754 maris
1137 709 1190 753 se·

91 794 208 858 cundum
233 790 375 878 ragulas
400 789 572 878 generales
599 789 700 879 louge
723 794 828 878 magis
853 812 969 856 versus
994 791 1192 877 septentrio·

91 894 147 959 uem
169 895 334 981 procedit,
358 892 469 981 ibique
496 891 695 981 aliquantum
718 907 841 959 mutata
865 893 921 958 vel
947 891 989 958 ob
1003 892 1075 963 ¹soli
1090 893 1190 958 coeli·

92 1018 137 1081 que
157 997 307 1062 indolem
331 999 438 1083 magis
462 999 613 1062 stricta
636 998 762 1076 evadit,
788 1017 849 1061 nec
872 1009 990 1078 tamen,
1015 1017 1035 1058 a
1050 1018 1110 1060 sua
1122 998 1189 1082 pri·

91 1101 172 1162 traria
203 1097 320 1186 planta
350 1101 454 1184 tnagis
485 1100 729 1186 distinguenda,
765 1119 862 1186 quam
898 1097 975 1163 aS.
1000 1119 1189 1182 procum-

91 1195 205 1264 bente.
259 1201 319 1266 Sic
348 1212 495 1284 naturam
526 1200 629 1266 multo
661 1205 765 1288 magis
798 1201 886 1265 omni
914 1214 1066 1285 respectu
1094 1203 1192 1288 seqni-

91 1302 178 1381 volui‚
200 1305 304 1390 'quam
327 1288 565 1368 characteribus
589 1305 834 1390 praeconceptis
857 1304 960 1365 acutis
985 1324 1057 1367 cum
1080 1305 1188 1367 consi·

89 1404 296 1471 derationibus
328 1404 488 1471 similibus
520 1405 727 1492 generalibus
759 1391 902 1481 luctaris
928 1406 1035 1490 magis
1065 1407 1188 1469 anxins
1240 1426 1249 1434 ·

89 1510 229 1574 sumator
257 1508 366 1583 totins,
390 1521 524 1572 naturae
558 1529 652 1595 quam
682 1509 722 1573 de
749 1508 909 1572 industria
934 1506 1054 1571 artifex
1081 1519 1186 1591 syste-

91 1612 204 1674 naticus
237 1611 437 1673 inscientia
459 1609 668 1698 micrologica
695 1609 854 1675 botanioa.

168 1713 226 1777 Sic
247 1715 394 1798 genium,
421 1733 487 1777 non
509 1725 633 1777 tantum
657 1713 697 1777 ad
716 1716 843 1800 species
864 1710 1105 1790 combinandum,
1129 1734 1186 1777 ve·

86 1818 260 1887 ronetiam
290 1813 533 1899 distingvendas
559 1829 591 1878 et
610 1818 785 1880 varietates
808 1815 1009 1879 reducendae
1032 1836 1094 1878 nec
1118 1836 1186 1880 non

82 1915 309 2003 disponendas,
333 1914 419 1980 hand
443 1938 557 2005 parum
581 1915 753 1996 efficacem,
779 1916 976 1982 declaratum
991 1898 1065 1982 esse
1080 1918 1186 1983 credi·

78 2017 178 2085 derin.
231 2017 310 2085 Hoc
344 2017 442 2082 modo
471 2021 555 2083 varii
582 2020 801 2098 characteres,
832 2019 1033 2084 differentiae
1064 2028 1100 2084 et'
1123 2034 1187 2085 no-

77 2135 121 2184 tae
143 2134 288 2188 mutatae
314 2133 407 2199 sunt,
439 2126 487 2187 ita
511 2134 571 2200 nt,.
593 2135 746 2210 quantum
772 2136 889 2187 natura
908 2125 1092 2208 permittat,
1121 2144 1184 2189 neo

77 2223 167 2303 ultra,
202 2236 320 2290 acutae
343 2222 398 2287 vel
421 2227 645 2310 systematicae
667 2223 758 2289 fiant.
811 2224 936 2290 Omnes
961 2222 1043 2289 tales
1068 2226 1184 2289 distin-

77 2329 190 2392 ctiones
222 2330 375 2391 inventas
406 2337 439 2389 et
465 2329 666 2392 introductas
696 2348 788 2405 esse,
821 2341 858 2392 ut
882 2339 1097 2416 cognoscatur
1124 2348 1182 2392 na·
1245 2368 1263 2407 q

77 2440 154 2508 tura,
189 2451 259 2495 non
290 2448 369 2493 vero
398 2440 435 2491 ut
464 2429 565 2494 multa
595 2452 718 2516 genera
744 2442 777 2495 et
803 2428 1096 2516 specics'fierent,
1125 2428 1184 2495 dc·

79 2530 200 2597 claravit
231 2552 346 2596 earum
373 2533 524 2596 inventor
553 2532 741 2618 Linnaeus,¹
762 2544 795 2596 et
826 2530 925 2598 ultrax
939 2555 1034 2623 quam
1059 2531 1117 2597 ille
1145 2533 1184 2600 in

88 2630 295 2719 distinguendo
319 2654 515 2720 progressus
539 2648 606 2713 est,
629 2637 783 2722 progredi
803 2634 908 2715 velle,
933 2640 1105 2701 erroneum
1120 2647 1182 2700 est.

81 2727 171 2812 Heio,
196 2733 248 2800 ubi
268 2737 389 2802 modus
414 2750 446 2801 ct
470 2740 586 2823 genius
603 2740 803 2802 Linnaeanus
827 2737 986 2816 subsistit,
1009 2741 1106 2803 etiam
1120 2756 1183 2802 no-

78 2833 122 2900 bis
152 2836 412 2915 snbristendum‚
441 2840 642 2904 crediderim.
697 2836 762 2917 Qui
786 2846 905 2905 autem'
921 2855 1070 2904 naturam
1090 2843 1181 2907 omni

77 2940 171 3006 studio
197 2944 333 3028 assequi
355 2943 459 3027 cupit,
474 2945 524 3019 ¹in
545 2941 619 3005 aliis
641 2941 724 3006 locis
747 2940 802 3006 vel
824 2941 953 3013 casibus
971 2941 1064 3007 aliter
1079 2964 1181 3030 saepe

77 3057 310 3128 agatnecesse
335 3055 395 3108 est.
435 3042 490 3109 Sic
512 3065 567 3110 ex.
591 3067 640 3131 gr.
662 3057 834 3132 postquam
855 3048 941 3110 inter
961 3044 1181 3130 Myosotideq

77 3141 233 3213 Verbasoa
258 3159 341 3225 etc,
365 3148 403 3212 in
428 3145 544 3233 quibus
566 3160 703 3212 naturae
727 3167 923 3232 progressus
947 3150 1081 3213 evidens
1103 3169 1180 3212 essa

78 3249 207 3330 ridetur,
242 3248 357 3343 plures
380 3251 508 3337 species
531 3270 790 3316 assumeremon
811 3244 922 3336 potui,
955 3236 1041 3313 inter
1066 3242 1180 3334 Epilo-

77 3344 129 3432 lia,
161 3349 350 3419 Nasturtia¹
369 3364 431 3417 etc·
465 3348 567 3438 longe
599 3350 767 3419 liberalior
790 3352 856 3432 sui,
888 3354 962 3441 quia
992 3350 1039 3416 ibi
1066 3351 1180 3416 evolu-

77 3455 156 3521 tionis
188 3457 297 3521 series
323 3456 428 3542 magis
457 3467 598 3522 extensa
615 3456 812 3534 ¹videbatur,
842 3458 891 3521 ita
914 3468 951 3519 ut
973 3457 1181 3519 intersectio-

77 3575 119 3621 oes
141 3558 256 3645 plures
280 3557 501 3636 admittantur,
527 3557 611 3624 nulli
636 3573 702 3625 tam
726 3560 872 3624 evidenti
892 3571 1028 3622 naturae
1055 3557 1186 3623 indicio.

77 3675 289 3750 repugnantes.
346 3656 412 3736 Qut
442 3673 549 3728 autem
582 3684 651 3730 rem
678 3662 741 3730 hoc
770 3661 844 3730 loco
869 3659 964 3727 aliter
989 3661 1176 3738 inveniunt,

77 3783 153 3833 sne
179 3769 317 3837 miniato
347 3761 594 3833 accusabuntur.
