2550 4492
97 242 168 326 516
471 250 800 329 ICOSANDRIA

93 455 166 522 565.
200 456 322 522 ROSA
357 457 610 545 spinosissimas
645 459 808 525 fructibus
838 480 983 547 superne
1011 456 1130 545 depressis

180 543 363 607 laevissimis
390 544 562 619 mollibus,
598 547 720 611 aculeis
743 547 960 632 stipular-ibus
987 545 1131 629 rectisspi·

180 628 332 713 nulisque
363 632 529 694 stolonum
551 631 760 697 creberrimis
785 631 952 701 deciduis,
984 629 1088 695 l'oliolis
1103 630 1131 691 el·

179 714 300 801 lipliris
337 717 450 779 subtus
484 717 621 781 cinereis
653 717 852 804 simpliciter
878 717 1020 781 sen-atis.
1065 714 1131 778 lsinn.

178 822 262 862 sven.
285 799 333 863 ed.
361 824 387 863 r.
414 826 444 863 n.
468 800 541 877 407.
564 803 607 867 ed
639 822 668 866 2.
691 826 722 867 n.
744 801 815 865 440.
841 804 909 865 onis.
935 826 985 866 arr.
1008 803 1035 867 8.
1059 823 1086 887 p.
1102 799 1131 863 58.

177 885 209 947 5.
230 906 264 970 p.
287 905 359 948 nro.
408 887 463 950 Sn.
490 884 699 953 Bonnsss.
747 887 982 974 (demeres).
1015 922 1054 935 -
1078 884 1132 970 Alo

181 991 245 1029 ros.
268 994 344 1032 sven
377 992 416 1056 p.
442 972 470 1035 3.
493 972 545 1057 59.
1002 996 1006 1001 ·

179 1052 211 1117 R
244 1054 369 1137 majalis
394 1057 495 1121 Retz.
516 1057 582 1120 obs.
604 1054 636 1119 5.
660 1078 699 1141 p.
718 1055 770 1119 33.
817 1054 1005 1124 Wolslenlr.
1029 1058 1132 1143 loppn
1160 1092 1178 1139 ³„

222 1138 294 1206 256.
338 1137 555 1207 Zeno-stede.
580 1161 644 1206 ree.
666 1161 694 1205 2.
743 1187 751 1205 .
779 1141 837 1206 ι6ο

178 1221 222 1286 R.
245 1225 475 1292 cinnomomea
498 1225 611 1299 Smitls
632 1224 692 1310 En¹
713 1162 833 1293 lilios.
851 1227 902 1292 54.
920 1237 945 1292 t.
963 1226 1044 1291 2388
1070 1222 1135 1289 Fris
1173 1296 1178 1305 .

222 1309 375 1374 halland.
401 1334 437 1397 p.
460 1311 510 1377 84.
557 1308 651 1374 Flos.
679 1247 771 1376 don.
795 1323 820 1376 t.
846 1311 939 1376 1214.
964 1311 1025 1377 860
1047 1320 1075 1375 et
1090 1306 1135 1373 tlt

138 1390 346 1469 structibus
366 1396 432 1460 basi
457 1395 627 1478 elongatis.
671 1396 766 1461 Flor.
789 1418 909 1483 opnp
946 1418 1015 1478 ¹71·
1166 1464 1178 1474 ,,

137 1479 226 1545 Hah.
256 1480 336 1546 locis
365 1484 468 1564 magis
498 1481 635 1545 occultis
660 1482 850 1567 passimque
872 1475 1138 1575 subhumidisspl·

181 1565 343 1630 rostribus
366 1567 436 1632 sere
458 1565 608 1632 omnium
629 1565 894 1652 provinciarum,
916 1568 1090 1653 procedens
1105 1583 1138 1625 n·

180 1651 300 1736 primis
328 1653 424 1734 juxta
451 1651 569 1717 fluvios
601 1654 765 1716 maximos
797 1674 903 1736 usque
932 1651 974 1715 sd
998 1650 1139 1717 Verulan-

180 1734 268 1799 diam
289 1736 432 1801 mediam
456 1738 508 1825 (ad
521 1735 734 1819 Uddeholm).
759 1737 981 1801 Dalecarliam
1002 1759 1094 1825 prope
1107 1730 1140 1795 0·

180 1821 283 1904 resjd.
310 1831 343 1884 et
366 1844 424 1906 per
443 1823 553 1908 sylvas
575 1821 807 1886 Norrlaudicas
829 1844 983 1887 necnon
1001 1815 1139 1909 Lspponi·

180 1926 235 1967 cas
257 1905 341 1970 ultra
358 1907 463 1971 lacum
487 1906 688 1973 Eiraretrisk
710 1906 913 1992 frequenter.

138 1990 250 2051 Frutex
269 1995 400 2072 primum
422 1995 631 2074 propullulans
646 2015 734 2074 quam
747 1995 931 2056 creberrime
943 1997 1068 2074 spinulis
1078 1989 1142 2073 grad·

95 2079 175 2137 libus
195 2075 263 2159 (nec
276 2080 386 2137 aculeis
398 2082 480 2162 ullis)
503 2080 654 2160 hispidus,
676 2082 752 2138 adeo
773 2091 807 2139 ut
824 2102 940 2142 nomen
962 2076 1143 2156 Linnaeiopl'c

95 2185 145 2224 me
167 2164 335 2244 significans
357 2167 415 2224 nisi
436 2167 467 2224 in
489 2167 734 2245 spinulosam
754 2170 954 2245 vertendum
981 2171 1036 2228 sed
1054 2169 1143 2225 demun

94 2252 128 2311 in
150 2252 253 2310 adulto
281 2261 360 2310 statu
379 2253 455 2310 rami
475 2253 617 2331 graciles,
645 2272 708 2309 non
730 2252 788 2310 nisi
810 2255 958 2313 aculeolis
981 2251 1143 2332 stipularibu

95 2359 204 2418 parurn
225 2338 415 2398 evidentibus
438 2338 577 2416 praediti.
620 2336 713 2398 Color
736 2340 928 2399 ramulorum
951 2334 1143 2420 quodammodo

95 2424 337 2499 cinnamomeus‚
367 2424 422 2482 sed
442 2425 518 2482 odor
537 2423 592 2484 riu
611 2424 692 2481 uHus
721 2423 752 2482 in
775 2434 839 2484 toto
864 2427 977 2486 frutico
1002 2419 1144 2486 omnimodo

94 2509 169 2567 miti.
211 2507 295 2568 Folia
326 2509 415 2568 etiam
446 2528 576 2587 superne
613 2510 695 2567 omni
729 2511 829 2570 nitore
861 2512 1023 2586 destituta,
1064 2504 1144 2569 exim

95 2595 199 2653 mollia
220 2605 250 2654 et
268 2595 389 2654 flexilia.
419 2594 520 2653 Petala
539 2594 642 2673 paullo
663 2597 858 2674 praecociom
878 2619 970 2676 quam
988 2595 1144 2678 praeceden-

95 2682 185 2753 tium,
215 2680 296 2740 intus
322 2681 481 2741 saturatius
503 2700 605 2756 rosea,
635 2682 688 2739 sed
711 2693 799 2740 extus
825 2683 986 2742 evidenter
1008 2681 1143 2763 pallidiore

93 2765 219 2824 Fructus
249 2766 404 2825 molliores
436 2788 525 2845 quam
555 2766 587 2824 in
617 2767 756 2825 omnibus
788 2770 1059 2847 praecedentibus,
1088 2762 1143 2824 uolt

95 2851 239 2930 Uplaudis
268 2846 512 2935 Smcirnjupon,
549 2851 638 2910 etiam
668 2853 801 2912 minores
833 2854 955 2914 circitor
983 2856 1105 2935 quinque
1119 2848 1143 2906 li-

95 2958 166 2996 neas
186 2937 240 2996 lati
260 2945 291 2996 et
313 2937 422 2996 iisdem
444 2937 624 3018 plerumque
648 2939 804 2998 breviores
826 2949 861 3000 ut
883 2941 1124 3001 subcaseisormcs.

459 3071 532 3135 205.
573 3069 815 3137 RUBUS.

136 3173 208 3227 lius.
215 3191 271 3240 ges.
282 3178 321 3224 sd.
331 3173 401 3224 Sclr.
411 3191 435 3227 s.
446 3180 506 3231 864.
525 3171 603 3234 ἵνα.
611 3191 666 3240 ges.
673 3193 700 3240 p.
712 3180 772 3238 37'4.
796 3174 888 3226 Gaerrs.
895 3175 935 3241 fr.
946 3190 970 3227 r.
977 3194 1003 3242 p.
1010 3190 1062 3240 35⁰·
1069 3185 1123 3237 1073·

96 3254 203 3337 Calyx
234 3267 361 3337 patens,
392 3251 636 3339 quinquelidus.
675 3254 801 3318 ‘Petale
832 3256 989 3341 quinque.
1040 3251 1144 3321 Semina

138 3340 267 3402 baccata
293 3337 504 3422 (indumento
527 3338 696 3421 succoso),
732 3340 827 3425 stylis
850 3341 1072 3421 interstincta,
1094 3334 1144 3399 col·

136 3425 218 3485 lecta
247 3446 347 3508 supra
377 3425 619 3508 receptaculum
648 3446 828 3488 exsuccum
855 3426 1010 3490 conicum
1038 3424 1071 3489 in
1090 3423 1145 3485 bac·

138 3530 209 3570 cam
233 3507 461 3594 compositam.
492 3542 536 3556 -
568 3505 772 3594 Snffrntices
793 3511 945 3574 esculenti
968 3509 1063 3592 loliis
1082 3510 1144 3572 ind·

139 3593 287 3678 qualiter
302 3593 455 3676 pinrrotis
473 3616 503 3654 n.
524 3591 678 3678 566-s69.
702 3594 756 3656 nel
774 3594 885 3659 herbae
897 3593 1093 3659 subincrmes
1104 3610 1144 3652 rn-

141 3678 214 3741 dice
230 3678 373 3762 perenni
394 3688 527 3761 repente
538 3676 635 3758 foliis
647 3681 790 3742 cernatis
803 3680 964 3744 divisisse
976 3703 1007 3742 n.
1017 3680 1142 3765 570·57‘1·

95 3778 168 3842 566.
194 3775 342 3841 Rufius
357 3775 571 3863 fruticosus:
604 3779 696 3842 caule
715 3777 928 3844 sullimicoso
954 3776 1143 3841 adscendente
