2550 4492
107 267 157 342 ab
505 255 827 343 TRJANDRM

147 473 247 538 Radix
275 474 412 535 omnium
431 472 611 532 tenuissima
634 469 737 530 minus
760 485 942 548 perennans.
987 465 1097 529 Hanta
1115 464 1167 526 reli-

106 584 167 645 qua
187 562 392 645 magnitudine
414 566 532 617 tantum
552 557 685 617 aciculae
704 554 863 613 tenuioris.

105 667 161 746 47.
183 657 373 724 SOIRPUS
390 656 559 747 fluitans:
581 655 702 720 culmis
719 652 860 718 ramosis
881 650 1011 719 foliosis
1027 672 1167 739 procun-

190 745 361 817 bentibus‚
396 742 496 831 spicis
526 739 682 806 solitariis
709 738 912 824 pauoifloris.
963 736 1072 805 Lina.
1100 752 1167 824 epea

191 829 243 895 ed.
267 828 320 897 W
322 828 438 893 illdeu.
464 851 489 891 1.
508 829 638 912 71195.
669 824 766 891 Flor.
787 822 881 891 Dan.
901 833 928 888 t.
951 822 1045 908 1082.
1082 823 1146 909 Ilag

189 913 270 980 Bos.
293 924 317 977 t.
342 912 414 978 216.
435 912 536 976 Fries
556 934 630 976 nov.
647 933 686 997 p.
706 909 737 974 4.
761 908 914 974 bolland.
933 930 968 996 p.
996 928 1044 973 10.

191 999 331 1087 Isolepis
351 999 486 1064 fluitans
510 996 632 1061 Roem.
651 1007 733 1082 syat.
755 1016 787 1060 1.
804 1016 842 1081 p.
867 996 940 1061 105.

147 1085 235 1151 Hab.
248 1085 285 1149 in
299 1084 453 1149 amnibus
466 1082 652 1146 minoribus
674 1079 919 1145 Hallandiae
941 1078 1063 1147 media
1073 1102 1117 1145 ex.

189 1169 353 1259 paroeciae
380 1167 523 1246 Vessipe
548 1169 590 1229 nd
618 1163 682 1230 Lis
701 1175 733 1232 et
755 1165 934 1244 Hukered,
961 1177 997 1231 et
1014 1158 1149 1247 adjaces*

191 1254 445 1321 Smolandiae
473 1252 667 1339 frequenter
698 1251 871 1339 praecipue
894 1250 985 1319 inter
1003 1252 1030 1319 F
1032 1250 1121 1332 amsii

189 1341 309 1406 Unnar
333 1341 364 1403 d.

147 1429 248 1490 Radix
262 1362 377 1489 mulcta
396 1428 429 1487 in
448 1429 566 1488 culmos
588 1446 726 1487 ramosos
737 1425 907 1502 filiformes,
928 1448 988 1506 per
1008 1426 1055 1506 spi

104 1537 199 1576 unam
224 1516 391 1576 alteramve
418 1514 662 1594 procumbentes.
712 1511 797 1573 Folia
820 1515 946 1573 omnino
968 1511 1096 1595 planeq
1141 1572 1145 1579 ,

105 1623 197 1682 quam
222 1601 404 1681 pedunculis
427 1602 580 1679 spinarum
599 1599 655 1658 vix
676 1599 802 1673 latiora,
833 1601 969 1681 undique
990 1621 1032 1659 ex
1054 1597 1114 1665 ati,

105 1688 223 1747 crebris
245 1687 338 1746 culmi
356 1687 517 1760 nascentia,
541 1685 661 1745 circiter
681 1684 904 1763 sesquiunciam
923 1687 1025 1766 longa.
1066 1685 1087 1745 P

106 1774 168 1831 ouli
194 1793 224 1833 v.
245 1772 335 1851 Soapi
369 1770 489 1854 (culmis
509 1771 757 1850 praecedentium
780 1772 913 1853 analogi)
933 1792 1055 1854 quoque
1077 1792 1097 1832 v

105 1860 224 1938 apicem
254 1858 346 1918 culmi
372 1860 555 1918 alternantes
581 1858 637 1917 vix
660 1857 851 1936 sesquiuncia
871 1859 1038 1939 longiores.
1078 1854 1120 1917 S'

105 1945 288 2024 sesquilinea
306 1964 370 2003 non
390 1944 560 2025 longiores,
586 1944 710 2003 omnino
733 1943 858 2003 virides.

104 2038 156 2110 48.
188 2041 375 2107 SOIRPUS
411 2064 638 2129 compressus:
673 2041 764 2138 spica
796 2041 992 2139 ‘composita
1028 1998 1131 2140 disti.

187 2116 1140 2299 111111..111.1111111111

186 2297 480 2448 gpsdaiiciillletz.
498 2382 612 2448 scond-
626 2383 676 2448 ecl.
691 2402 720 2448 a.
730 2403 768 2470 p.
785 2383 833 2448 16.
854 2382 1014 2450 Decond.
1019 2383 1167 2476 71711πῦ

231 2467 282 2532 ecl.
308 2467 339 2532 5.
361 2490 395 2532 n.
422 2467 512 2552 1781.
535 2468 593 2534 W
590 2467 722 2533 (alitent.
746 2465 787 2534 V
782 2479 825 2533 et.
847 2471 912 2537 Ac.
934 2469 1071 2540 Hendl.
1093 2472 1167 2557 aba

186 2551 358 2704 Scirodriiis
390 2660 599 2726 compressus
626 2637 733 2705 Lien.
762 2662 847 2724 spec.
866 2642 919 2727 pl.
950 2642 1004 2707 ed.
1025 2560 1167 2731 1.μᾶ

176 2752 182 2767 '
226 2723 398 2876 11111.
415 2726 547 2876 itt:
564 2723 1167 2901 naisitanum

226 2895 293 2960 Ac.
315 2893 448 2962 Hondl.
474 2895 565 3043 1787.
586 2919 621 2982 p.
644 2896 717 2963 242.

186 2980 298 3044 Carex
321 2980 485 3064 uliginosa
560 2981 629 3047 ina.
662 3007 745 3046 saec.
773 3006 806 3047 η.
828 2983 902 3048 836.
924 2998 1036 3055 mant.
1054 2986 1143 3077 7151

224 3063 300 3151 494.
325 3064 366 3132 V
361 3075 404 3129 et.
425 3071 487 3132 Aa.
509 3065 645 3130 Handl.
669 3068 759 3153 1795.
784 3091 817 3154 p.
841 3071 979 3152 71516.

141 3150 228 3215 Hab.
250 3153 287 3214 in
307 3151 410 3236 pratis
429 3151 638 3216 subbumidis
661 3152 781 3238 apricis
803 3154 1064 3239 provinciarum
1083 3182 1113 3224 m

182 3258 254 3299 cam
283 3236 417 3300 estrium
449 3238 620 3324 praecipue
649 3238 861 3303 orientalium
886 3239 1050 3308 ascania
1080 3266 1135 3331 usq

180 3322 222 3386 ad
280 3321 469 3387 aleoarliam
492 3344 599 3409 prope
616 3322 711 3388 Siiter
736 3337 769 3388 et
792 3324 967 3412 Upsaliam
987 3332 1121 3417 passim·
1136 3316 1150 3399 .'

137 3407 239 3483 Radix
267 3429 378 3490 repens
409 3410 595 3471 stolonilera.
645 3409 730 3471 Folia
758 3415 859 3475 culmo
886 3414 1006 3479 latiora.
1061 3412 1120 3481 Cu¹
1145 3484 1148 3489 ,

96 3488 277 3580 plerumque
308 3505 466 3570 amatus,
497 3497 592 3576 digito
614 3497 669 3556 vix
690 3498 790 3559 altior.
836 3499 926 3578 Spica
948 3500 1133 3587 comptas

95 3583 224 3643 uncialis
251 3581 451 3660 longitudinis
479 3582 668 3643 fuscescens:
699 3585 823 3663 spiculis
852 3587 993 3649 sexlloris
1021 3596 1076 3655 vel
1095 3592 1144 3659 ul,

94 3666 200 3732 floret
221 3677 352 3727 exeunte
372 3688 446 3729 vere
468 3671 658 3753 stigmatibus
680 3671 808 3730 duobus.
822 3705 866 3719 -
879 3673 924 3730 lix
949 3675 1006 3737 laec
1028 3679 1136 3759 specie·

95 3754 256 3818 maritimis
276 3754 407 3815 formata
429 3774 495 3817 esse
518 3755 643 3818 videtur
664 3777 794 3842 sequeus
817 3760 947 3823 crassior
966 3766 1065 3845 magis
1083 3788 1118 3833 m

93 3841 244 3916 brunones
271 3839 447 3922 paueiflora.
