2550 4492
109 178 224 268 Μ’
399 213 734 263 consreorus
788 186 946 264 naon!

112 407 212 469 etiam
236 403 438 488 frequentius
462 415 597 465 exarata
622 411 682 466 est.
735 401 799 467 His
826 395 964 489 aliisque
991 403 1161 471 decausis
1198 420 1203 458 ῐ

110 508 234 594 getatio
264 507 335 589 ejus
362 505 536 568 admodum
560 506 676 582 mixta,
998 490 1001 495 ⁴

214 606 348 670 Praeter
384 609 455 689 jam
487 603 665 690 descriptas
697 601 921 684 diversitates,
964 630 985 671 a
1010 608 1160 673 maribus
1192 608 1199 637 ²

110 713 218 775 versis
253 708 307 773 vel
336 706 410 793 plus
437 709 544 772 minus
570 705 686 771 vieinis
713 710 860 794 inprimis
892 711 1107 790 derivandos,
1144 782 1146 787 ¹
1188 712 1203 770 Ξ

112 813 178 877 alia
201 812 387 875 discrimina
410 810 641 888 observantur,
672 828 754 896 quae
780 811 930 874 forsan
920 831 955 874 ιιι
979 829 1105 897 genero

15 898 23 909 ’
113 915 312 978 advertenda
334 924 420 977 sunt
473 912 537 993 ΕΧ.
562 935 610 999 gr
637 907 794 976 Allium
821 909 1148 1000 Schoenopra'sti

111 1019 196 1082 mari
227 1028 356 1101 septem
344 1013 477 1079 trionali
504 1032 564 1100 per
592 1012 721 1078 omnes
734 1031 808 1079 oras
834 1018 932 1081 maris
961 1012 1097 1082 occiden

114 1117 283 1184 orientalis
308 1136 413 1203 usque
442 1118 484 1180 ad
510 1112 717 1201 Roslagiam,
751 1096 899 1181 sednon
923 1110 1027 1197 ultra,
1056 1134 1131 1206 repe

112 1225 241 1307 itaque,
270 1222 397 1283 etiamsi
422 1221 456 1283 in
481 1216 562 1304 ipsis
588 1219 753 1285 littoribus
776 1240 842 1283 non
865 1236 994 1305 semper
1017 1224 1156 1299 creseat,

115 1344 192 1389 men
221 1329 330 1387 aerem
354 1321 454 1386 maris
482 1325 587 1407 magis
613 1318 693 1385 salsi
718 1319 885 1407 requirere
911 1320 1057 1402 videtur,
1084 1339 1125 1388 ne

116 1427 210 1490 omni
242 1438 395 1510 respectu
424 1432 661 1509 temperaturae
692 1427 806 1487 airis,
849 1423 974 1488 Contra
1005 1419 1125 1491 Allia

113 1530 344 1606 senarium,
380 1522 606 1590 Geranium
630 1526 775 1603 molle,
810 1522 939 1591 Vitia
964 1520 1152 1617 lathyroi

115 1634 202 1694 eirea
237 1650 313 1692 oras
351 1623 582 1693 meridionales
622 1642 774 1691 creseunt
812 1647 982 1716 quousque
1017 1643 1105 1718 temp

114 1735 203 1796 a'e‘ris
234 1731 303 1807 fere
338 1726 452 1794 eadem
485 1728 539 1794 sit·
591 1728 804 1795 Dianthus
829 1728 1018 1796 Armeria
1044 1733 1155 1821 longo'

115 1837 167 1920 gis
208 1837 275 1897 oris
316 1832 530 1898 orientalibus
568 1851 664 1919 quam
693 1830 962 1898 occidentalibus
978 1832 1155 1919 gaudeti'
1175 1914 1178 1919 Ι

60 1969 62 1973 ⁴
115 1951 221 2002 terum
249 1930 478 1999 eontinentalis
505 1936 741 2023 quodammodo
769 1940 931 2022 vegetatio
959 1938 1125 2002 exsistere
1149 1932 1172 1957 ”

115 2054 186 2114 tur,
219 2039 261 2101 ad
284 2034 409 2102 insulas
434 2038 562 2102 etiamsi
588 2037 806 2101 fertilissimas
834 2055 890 2101 ex
911 2055 959 2124 gr
984 2022 1203 2105 oetentiae*

117 2139 326 2206 Gotlandiam
357 2155 424 2203 non
459 2150 514 2204 aut
542 2137 603 2203 vix
635 2137 894 2225 transgrediere,
929 2135 1023 2223 eujus
1046 2145 1096 2206 rei
1122 2108 1203 2309 0Χή

114 2243 205 2330 plum
231 2246 275 2307 sit
304 2240 425 2307 Vicia
453 2241 676 2306 cassubiea
700 2255 761 2306 etc.
805 2238 902 2318 Quod
925 2237 1018 2306 lacus
1038 2235 1164 2310 Maeleri

93 2360 193 2432 xpote
224 2340 387 2409 interdum
424 2361 539 2431 aquam
567 2345 723 2408 marinam
753 2347 915 2429 recipiens
946 2343 1079 2429 plantas
1105 2350 1203 2434 quoqu

115 2451 257 2520 marinas
283 2446 397 2523 habet,
425 2465 523 2532 supra
553 2451 753 2520 notavimus3
781 2446 833 2511 hio
848 2460 966 2527 ,autem
995 2446 1203 2514 observandus

115 2552 262 2624 videtur,
305 2543 392 2633 quod
431 2547 487 2612 alii
519 2546 609 2613 lacus
646 2551 783 2613 uroximi
811 2552 1004 2634 praesertim
1036 2546 1203 2616 Vitterot

117 2651 255 2717 Venern
286 2653 383 2714 etiam
411 2650 649 2735 vegetabilibus
678 2651 788 2714 favent
812 2651 895 2715 aliis
920 2655 980 2715 vix
1005 2651 1072 2717 nisi
1088 2654 1137 2718 ad
1156 2656 1203 2723 ou·

49 2756 50 2761 ’
115 2758 257 2819 marinas
292 2767 357 2817 tam
392 2751 457 2816 alte
493 2752 547 2816 vel
575 2751 673 2816 altius
697 2770 813 2817 versus
842 2753 1143 2839 septentrionemo
1180 2742 1184 2753 ¹

114 2857 262 2921 rentibus
288 2860 373 2920 sicut
402 2848 521 2919 Atlio
547 2859 707 2934 ursino,
739 2853 929 2935 Hederae,
962 2851 1103 2938 Taxo,
1133 2858 1187 2924 Be

116 2958 273 3034 beridi,
314 2952 468 3042 (Trifolio
492 2959 680 3045 frugifero),
719 2960 949 3043 Eupatorio
976 2944 1203 3050 cannabinl

116 3056 361 3145 Epipaotidi
394 3056 501 3125 Nido
537 3065 645 3140 avis,
689 3057 831 3124 Carisi
864 3066 1086 3143 arenariae,
1127 3060 1203 3153 Mt!

118 3162 275 3266 curiali
303 3161 495 3246 perenni.
813 3197 816 3211 2
1195 3160 1203 3207 ³

306 3330 367 3398 lv.
419 3325 561 3427 Amare
588 3350 904 3404 orvansrrurss
938 3355 1044 3428 sont,

221 3467 345 3533 Omnes
380 3471 451 3534 fere
483 3467 554 3555 jam
585 3490 684 3558 supra
717 3475 898 3562 descriptae
932 3472 1027 3560 regni
1054 3470 1203 3561 divisioni

119 3585 152 3635 et
182 3574 370 3657 provinciae
400 3575 434 3637 id
457 3590 627 3638 commune
653 3568 791 3656 habent,
824 3573 910 3665 quod
936 3589 1004 3641 tum
1036 3595 1055 3640 a
1083 3566 1203 3644 Sveel

118 3691 192 3760 per
227 3687 269 3737 se
305 3675 389 3738 tum'
407 3673 493 3739 inter
518 3698 554 3740 se
579 3676 816 3765 distinguantur
839 3682 931 3766 jugis
961 3674 1014 3742 vel
1041 3677 1203 3746 discnnid

119 3776 186 3842 bus
211 3774 285 3862 plus
308 3779 415 3842 minus
440 3782 600 3844 montosis
625 3774 678 3849 vel
697 3782 816 3873 ¹saltem
839 3776 1065 3867 sylvestribus,
1087 3783 1127 3849 'et
1147 3778 1203 3873 qut

1037 3904 1067 3963 ff
