2550 4492
49 278 56 296 „
113 233 136 283 x
480 232 635 281 arrio
677 232 866 281 ornata

115 441 152 496 ut
175 430 307 509 minime
332 427 509 515 perfectum
535 432 663 496 censeri
687 428 849 519 volumus:
901 426 976 507 Quo
1002 432 1122 496 certius
1140 433 1225 520 apud

112 554 176 598 nos
199 535 357 598 terminos
379 534 464 596 inter
485 529 614 618 plantas
635 523 817 618 indigenas*
832 544 865 597 et
889 533 1082 599 adventitias
1100 558 1225 620 ponere
1265 552 1267 610 ζ

113 633 209 715 licet,
239 657 279 699 eo
302 631 418 699 melius
445 636 597 701 convenit
621 631 681 699 has
706 637 796 720 ipsas
822 635 1016 700 adventitias
1040 636 1170 724 plantas
1191 661 1225 702 o-

112 759 206 803 mnes
231 741 267 803 in
289 724 510 821 Hospitem
533 736 696 801 Floram
717 737 895 803 Sveoiae
917 759 1097 819 reservare,
1118 763 1223 828 quam,

113 842 144 906 si
170 839 237 904 fata
262 841 469 925 permiserint
496 850 529 902 et
555 840 638 917 otia,
672 839 769 904 edere
793 842 828 904 in
846 842 960 929 anirqo
982 854 1042 904 est.

215 942 387 1028 Expositis
411 943 590 1028 generatim
613 941 664 1005 his
690 940 857 1019 omuibus,
887 936 969 1029 quae
994 965 1034 1007 eo
1060 959 1223 1030 spectant,

112 1057 150 1111 ut
185 1044 405 1109 contrahendo
447 1057 480 1108 et
519 1042 724 1108 excludendo
763 1057 951 1130 parceretur
991 1044 1065 1110 loco
1105 1061 1138 1111 et
1177 1052 1223 1112 sic

110 1147 188 1237 plus
215 1150 453 1234 ,acquireretur
499 1149 620 1231 spatii,
669 1144 756 1233 quod
803 1148 845 1211 ad
890 1147 1059 1215 meliorem
1109 1164 1223 1216 tracta·

43 1312 47 1319 .
112 1253 236 1322 tionem
275 1249 458 1335 plantarum
494 1269 572 1311 vere
616 1250 817 1314 diversarum
852 1263 885 1314 et
913 1251 1140 1337 indigenarum
1175 1274 1223 1318 sa·

86 1356 156 1435 rtis,
175 1374 178 1379 “
195 1365 300 1430 esset,
336 1353 408 1435 jam
434 1333 484 1415 'ad
516 1349 598 1414 hanc
632 1354 856 1418 tractationem
891 1350 1119 1439 explicandam
1150 1377 1223 1441 pro·

109 1459 187 1544 pius
213 1455 406 1520 accedimus.
457 1452 782 1538 Priusquam-tamen
808 1477 847 1518 eo
872 1476 976 1541 usque
999 1458 1223 1541 procedamus,

110 1556 291 1646 generatim
314 1560 478 1643 inquirere
501 1555 617 1633 liceat,
647 1570 806 1642 quatenus
829 1558 1030 1622 restituenda
1056 1562 1123 1633 sint
1144 1561 1224 1626 Lin-

109 1664 185 1749 naei
202 1663 352 1737 nomina,
382 1661 531 1744 inprimis
557 1655 732 1743 specifica,'
756 1660 856 1726 variis
883 1661 922 1723 de
950 1644 1056 1724 causis
1082 1660 1136 1726 vel
1160 1664 1224 1727 for-

109 1785 172 1831 san
201 1765 310 1848 potius
333 1762 477 1852 fortuitis
504 1759 632 1828 casibus
654 1775 733 1846 post
762 1756 833 1846 ejus
862 1775 1008 1848 tempora
1032 1777 1223 1848 permutata.

108 1864 204 1932 Haec
234 1867 401 1951 inquisitio
436 1886 476 1926 eo
506 1865 609 1948 magis
637 1865 707 1948 jam
738 1860 925 1929 necessaria
953 1866 1100 1947 videtur,
1130 1868 1224 1954 ‘quod

19 1964 20 1968 ’
110 1966 153 2034 de
193 1966 378 2032 nominibus
416 1965 597 2051 plantarum
638 1987 739 2052 saepe
780 1966 1075 2054 vulgatissimarum
1093 1974 1224 2057 agitur.

108 2069 238 2138 Primus
271 2068 355 2133 liber
386 2071 587 2134 Linnaeanus
617 2067 746 2156 plantas
780 2068 933 2156 vulgares
962 2092 1138 2138 recensens
1165 2073 1225 2136 fuit

18 2156 21 2163 ¹
108 2171 210 2239 Flora
234 2173 455 2258 Lapponica3'
473 2184 614 2236 attamen
640 2193 677 2236 se
702 2171 896 2258 completum
920 2171 1106 2239 herbarium
1126 2173 1225 2260 hujus

107 2289 217 2341 terrae
256 2296 322 2339 non
358 2272 479 2340 habere
516 2276 588 2359 ipse
618 2275 687 2338 fere
720 2288 856 2340 testatur
886 2276 921 2339 in
945 2278 1157 2340 annotatione
1184 2278 1224 2342 ad

107 2376 367 2446 Arundinem
392 2375 816 2462 Calamagrostidem,
837 2375 894 2441 ubi
914 2362 1097 2442 indicatae
1115 2383 1224 2444 varias

107 2479 237 2568 plantas
264 2478 455 2565 lapponicas
479 2480 661 2565 perdidisse
680 2481 716 2543 in
734 2493 903 2545 cataracta.
942 2478 1063 2544 Postea
1085 2481 1121 2548 iu
1141 2481 1221 2548 Hol-

105 2579 219 2650 landia
243 2581 366 2668 degens
399 2595 432 2645 et
453 2580 606 2668 Angliam
632 2580 835 2669 Galliamque
861 2582 970 2647 subito
995 2585 1133 2648 visitans
1160 2597 1223 2648 tarn

107 2696 286 2770 occupatus
324 2685 386 2753 tuit
422 2686 457 2748 iu
491 2676 669 2748 condendis
708 2682 884 2769 generibus
923 2697 1020 2772 atque
1052 2689 1226 2752 visitandis

106 2784 231 2867 hortis,
271 2799 308 2851 ut
339 2784 381 2852 ad
412 2789 540 2872 species
568 2798 764 2870 spontaneas
790 2786 886 2863 facile
908 2789 1137 2874 permutandae
1165 2811 1226 2874 pa-

104 2874 180 2957 rum
210 2889 401 2965 attenderet.
460 2888 549 2955 Dein
576 2887 748 2953 Professor
774 2885 981 2975 Upsaliensis
1007 2889 1129 2967 facus,
1163 2912 1226 2976 per

18 3026 43 3041 ν
106 2992 245 3073 Sveoiae
275 2995 461 3077 provincias
492 2995 684 3058 remotiores
717 2993 835 3056 itinera
862 2993 1003 3070 faciens,
1037 2991 1226 3062 herbarium
1259 3058 1267 3079 ,

106 3114 204 3161 suum
229 3096 393 3158 sveoioum
413 3097 606 3181 praecipue,
633 3107 669 3157 ut
691 3094 869 3172 oredimus,
893 3095 1054 3172 condidit3
1082 3108 1224 3162 attamen

22 3218 25 3225 ’
83 3197 258 3284 .rreglexit
289 3199 325 3261 in
352 3195 597 3281 idemplantas
625 3196 734 3259 varias
761 3195 845 3259 circa
870 3191 1040 3283 Upsaliam
1064 3197 1224 3285 vulgatis·

105 3301 208 3366 simas
238 3298 455 3365 introducere.
508 3297 563 3364 Sic
589 3300 710 3364 scimus
728 3296 757 3383 ²)
781 3299 888 3384 ipsam
912 3319 1006 3364 suam
1029 3297 1221 3369 Alsinem

104 3402 277 3470 mediam
304 3399 519 3469 desideratam
543 3401 656 3467 fuisse.
694 3397 852 3488 ‚Denique
878 3413 994 3468 versus
1020 3416 1221 3472 senectutem

106 3525 128 3571 ιι
162 3501 331 3590 discipulis
355 3505 435 3570 suis
470 3526 530 3591 per
566 3517 671 3571 terras
708 3505 901 3570 remotiores
936 3505 1221 3591 peregrinantibus

106 3606 232 3694 accepit
263 3607 355 3673 varia
378 3608 564 3696 specimina,
584 3603 783 3695 herbarum,v
805 3627 888 3694 quae
919 3607 955 3672 iu
977 3604 1221 3698 locum‘vulga·

97 3754 270 3785 μ...-

106 3885 109 3891 .
150 3821 178 3917 *)
200 3834 240 3889 Ex
263 3826 519 3893 mahomethus
538 3830 573 3890 in
595 3827 669 3890 Ord.
691 3828 806 3895 Naar.
829 3828 874 3892 ed.
897 3821 1005 3894 Gissie
1027 3855 1055 3910 p.
1074 3835 1169 3928 ³⁵4»
