2550 4492
497 88 654 151 u'nrro
698 106 884 152 ornurs
956 64 960 75 ¹
1211 110 1247 153 rx

10 290 91 376 tatu*-
124 314 160 373 iu
182 305 312 371 cellario
341 306 558 368 conservatis.
610 302 662 369 nd
697 286 772 368 bas¹
786 307 922 389 insuper
947 303 1104 369 noeedunt
1130 324 1247 371 omnes

10 416 90 474 uod'
130 415 164 473 in
188 426 273 473 terra
302 408 398 471 euris
428 404 592 471 hortulani
618 419 703 471 taeta
725 405 940 491 hospitantes.
991 408 1110 492 Longe
1139 409 1247 473 adbue

12 537 73 576 io·
136 515 225 597 magis
259 509 482 575 excludenda»,
515 507 635 595 plautae
667 530 746 573 casu
769 509 903 575 fortuito
931 530 1004 573 eum
1029 509 1167 575 navibus
1189 511 1248 576 ad·

10 619 73 696 pari
136 617 245 692 dueta,
280 633 478 701 quamquam
510 631 598 675 novo
627 633 688 675 suo
712 610 787 675 loeo
821 613 954 676 omnino
979 612 1056 675 ferne
1088 634 1150 679 nee
1174 613 1247 679 ullo

11 737 75 778 ser·
137 717 221 781 uodo
261 715 362 781 cultis
404 714 664 783 adnumeranda.
723 716 844 779 Latent
878 736 990 778 earum
1020 735 1086 778 non
1120 730 1246 782 tantum

54 821 75 867 ⁴-
138 823 250 884 semina
270 839 391 882 verum
415 819 514 881 etiam
538 817 665 896 radiees
690 828 724 880 et
744 814 836 880 bulbi
860 829 1050 902 vegetantes
1070 819 1157 883 inter
1176 818 1247 905 gla-

67 965 73 980 .
139 944 213 986 ream
246 919 304 984 vel
340 917 509 988 saburram
540 930 700 997 terream,
735 939 802 1006 qua
830 940 932 982 naves
963 918 1139 983 redeuntes
1167 942 1249 986 one-

139 1037 255 1101 rantur,
282 1035 318 1087 et
339 1024 473 1086 sionna
499 1042 571 1086 enm
591 1021 705 1086 eadem
728 1024 764 1085 in
789 1019 900 1085 littora
924 1023 1152 1107 projiciuntur.
1187 1022 1249 1089 At-

64 1163 74 1175 ·
140 1141 233 1215 tamen
265 1127 337 1209 jara
365 1125 470 1209 magis
500 1144 595 1211 quam
627 1136 723 1188 antea
755 1122 831 1187 talis
860 1122 973 1209 glarea
1004 1125 1040 1188 in
1068 1126 1250 1209 provinciis

53 1229 73 1276 '·
140 1225 380 1294 australioribus
405 1226 447 1290 ad
473 1239 589 1312 portus
614 1226 808 1291 muniendos
833 1225 1004 1290 adhibetur
1027 1242 1061 1289 et
1084 1226 1250 1293 defoditur

141 1331 181 1396 rel
204 1330 274 1395 alte
302 1327 469 1415 lapidibus
494 1331 696 1415 contegitur,
724 1330 807 1394 adeo
829 1341 865 1393 ut
887 1331 945 1392 vix
968 1330 1033 1393 nisi
1056 1330 1092 1392 iu
1116 1342 1250 1417 septen·

24 1453 71 1492 ⁰1·
146 1432 326 1498 trionalibus
351 1431 443 1494 nuda'
459 1434 659 1518 projiciatur,
690 1430 744 1495 ubi
770 1432 819 1495 sio
842 1432 1026 1495 adventitia
1042 1429 1162 1517 plautae
1175 1431 1251 1497 lon·

61 1574 71 1584 ·
146 1558 175 1622 ge
189 1538 303 1601 minus
325 1534 533 1598 disseminari
548 1547 705 1619 possunt,
727 1534 867 1620 ideoque
886 1536 1048 1597 eominus
1063 1532 1159 1600 nobis
1172 1547 1251 1601 sunt

51 1639 71 1687 '·
145 1637 358 1704 observandae.
409 1634 464 1701 Ex
488 1635 584 1701 Italia
607 1636 765 1723 singulari
785 1635 940 1722 exemplo
960 1659 1034 1700 eum
1048 1648 1134 1701 terra
1146 1660 1251 1725 pour·

65 1787 71 1803 .
141 1742 247 1807 nolana
279 1736 489 1805 Curlseronoe
519 1739 628 1803 adlata
659 1753 711 1803 est
745 1736 1002 1803 Coeblenria
1027 1737 1187 1820 Diana,
1215 1752 1251 1806 et

27 1843 45 1900 ἰ
65 1889 73 1915 ‚
142 1858 217 1910 terte
247 1842 297 1908 ibi
323 1839 442 1906 melius
461 1862 556 1928 quam
570 1843 609 1905 'in
626 1840 696 1906 ullo
712 1840 807 1906 horto
822 1840 993 1920 botanieo,
1014 1846 1161 1927 quamvis
1177 1846 1250 1908 sine

89 2000 92 2005 .
143 1946 197 2012 ulla
210 1968 312 2022 eura,
327 1941 511 2008 censebitur
523 1942 687 2030 plantata,
702 1967 775 2009 cum
787 1957 875 2007 terra
886 1947 999 2030 patria
1013 1964 1080 2008 snoe
1095 1947 1130 2009 in
1142 1949 1251 2033 regio-

142 2070 173 2114 ne
190 2070 282 2115 nuva
303 2047 450 2132 gaudere
472 2047 596 2132 possit,
624 2068 721 2134 quam
742 2045 885 2134 plantam
903 2049 1015 2133 itaque
1035 2046 1108 2110 solo
1129 2062 1253 2114 nostras

143 2155 243 2236 patrioe
276 2148 467 2215 adscribere
498 2169 565 2212 non
597 2170 782 2234 possumus.
825 2148 919 2214 Cum
939 2152 1016 2234 ¹jam
1048 2170 1109 2234 per
1138 2150 1252 2217 saculi

49 2271 60 2284 ⁴·
145 2254 201 2320 iere
223 2252 468 2340 experientiam
493 2253 649 2330 sciamus,
675 2274 771 2338 quam
794 2264 883 2316 certo
906 2265 982 2339 post
1004 2249 1107 2315 lustra
1125 2252 1253 2341 aliquot

32 2367 43 2380 ¹
144 2368 270 2440 pereant
298 2366 336 2418 et
357 2355 476 2417 iterum
498 2352 573 2418 aliis
598 2367 659 2418 sua
673 2358 746 2418 vioe
762 2356 918 2440 perituris
931 2352 1187 2435 substituantur,
1204 2358 1253 2421 ita

19 2448 47 2501 '—
152 2470 182 2519 ut
201 2478 331 2545 semper
356 2454 433 2521 alite
463 2457 644 2543 iterumque
673 2456 745 2521 aliae
772 2457 889 2522 faeiem
913 2479 1031 2544 vagam
1052 2457 1143 2522 flora,
1169 2478 1254 2545 prte-

26 2557 52 2609 '-
155 2554 259 2623 bitune
282 2561 367 2637 rint,
406 2570 440 2622 et
469 2580 541 2623 oum
564 2559 704 2646 deniqne
727 2572 792 2624 tam
812 2582 944 2646 parvam
968 2571 1093 2646 partem
1119 2573 1253 2648 vegeta-

149 2664 243 2727 tionis
263 2674 387 2728 nostrae
409 2662 523 2748 patriae
549 2659 707 2740 efficiant,
731 2698 782 2710 --
808 2675 894 2727 uerte
918 2662 969 2727 hae
993 2682 1108 2726 omnes
1135 2663 1255 2729 exolu-

10 2779 45 2820 ἒ·
146 2765 252 2831 dendae
283 2777 380 2842 snut,
418 2766 599 2850 prasertim
629 2765 666 2828 in
696 2764 796 2828 Flora
827 2778 1008 2851 pressante,
1047 2766 1255 2853 indagationi

17 2889 25 2901 ’
78 2886 82 2937 3
144 2871 252 2952 patriae
277 2868 449 2933 interioris
474 2887 538 2954 ope
556 2866 786 2932 Studiosorum
801 2867 930 2932 dominu
943 2868 1148 2933 redeuntium
1158 2871 1256 2935 insti·

20 2983 36 3032 t
78 2980 81 2987 '
144 2972 270 3036 tuendae
290 2971 464 3035 destinata.
499 2969 630 3054 jPotius
654 2968 776 3034 eadem
798 2969 1070 3035 tolerandarum
1090 2972 1125 3035 in
1143 2972 1256 3036 l'loris

20 3112 33 3123 -
78 3128 81 3139 .
144 3072 270 3139 urbiam
302 3071 533 3160 speeialiornm
564 3071 662 3158 (sient
687 3093 749 3137 nos
778 3074 875 3137 etiam
905 3076 941 3138 in
969 3072 1094 3138 Flora
1118 3070 1256 3160 Upsa-

10 3200 22 3226 ι-
76 3162 81 3239 t
145 3174 274 3242 liensi
307 3196 408 3243 uuam
440 3174 617 3241 alteramve
650 3175 705 3241 hio
736 3176 904 3241 exclusam
935 3177 1135 3262 admisimus)
1171 3195 1256 3263 prae·

146 3282 254 3345 sertim
282 3278 565 3357 meridionalium‚
603 3280 639 3343 in
669 3279 786 3366 quibus
819 3281 959 3365 denique
992 3291 1088 3345 extra
1116 3282 1257 3365 patriam

27 3428 38 3439 .
147 3383 211 3464 (ex.
235 3402 287 3469 gr.
309 3379 472 3467 Berolini)
498 3383 630 3447 omnino
648 3381 696 3447 'ob
718 3383 932 3470 frequentiam
950 3403 1043 3446 suam
1060 3381 1168 3447 looum
1189 3380 1257 3445 sibi

35 3541 40 3556 .
148 3487 332 3550 necessario
347 3485 537 3551 vindicant.
589 3482 642 3549 Ne
668 3506 746 3549 vero
771 3489 897 3549 interea
923 3483 1006 3549 libor
1029 3497 1142 3548 noster
1166 3484 1258 3547 omni

149 3589 264 3654 indicio
302 3586 487 3676 plantarum
522 3589 770 3653 adventitiarum
799 3587 897 3673 vulgo
924 3601 1139 3653 assumturum
1167 3606 1260 3650 care-e

151 3707 209 3771 ret,
228 3686 433 3779 eatalo'gum
460 3712 569 3758 earum
594 3691 635 3756 ad
659 3690 779 3757 calcem
806 3691 1000 3774 adjecimus,
1030 3710 1124 3778 quem
1148 3702 1255 3753 tamen
