2550 4492
130 221 210 269 XLIV
419 215 752 264 CONSPEC'NJ!
805 214 962 264 REGM

128 403 461 472 extra-smolandicae
496 424 535 467 eo
567 404 671 489 tnagis
702 405 881 467 maritimae
920 412 1015 480 runt,
1045 420 1147 490 quum
1213 452 1214 460 κ

127 508 191 574 bus
223 512 361 573 diversis
387 505 532 571 maribus
557 504 782 584 obvertantur,
812 504 865 570 vel
891 507 977 569 inter
1002 504 1126 571 haecce
1207 500 1214 567 i

127 613 388 698 promontorium
426 623 494 673 tum
532 607 745 673 orientalibus
782 621 850 672 tum
881 607 1140 675 occidentalibus

125 717 171 778 tis
202 714 351 778 obrutum
384 711 563 776 efforment.
617 709 698 774 Inde
731 713 829 774 etiam
856 712 983 790 evenit,
1017 723 1055 774 ut
1080 710 1144 777 irae
1172 716 1175 721 ’
1209 734 1214 741 ·

127 816 256 880 vinariae
294 817 414 900 pinetis
446 814 514 877 fere
546 815 677 877 omnino
706 812 876 890 orbentur,
908 815 972 877 nisi
991 815 1047 877 ad
1071 816 1121 879 int
1153 814 1162 833 ⁸

127 914 213 983 fines
243 916 468 982 Smolandieos
499 915 673 1002 (simulque
705 914 923 1005 Polygono
955 917 1175 1002 viviparo,

127 1021 355 1102 destituantur)
393 1032 426 1081 et
452 1029 565 1083 eo'rum
586 1018 662 1082 loco
685 1018 818 1104 Fagetis
841 1014 984 1082 lentibus
1017 1016 1175 1105 cum-Lo
1202 1040 1214 1082 1-

126 1144 221 1186 cera
248 1120 558 1204 Periclymene,
587 1118 787 1185 Sambuco
815 1133 982 1207 tegantur,¹
1008 1119 1067 1186 ubi
1091 1118 1157 1203 soil·
1199 1143 1201 1147 ·

126 1239 199 1288 ceta
223 1238 393 1288 ventorum
404 1226 583 1324 pimiorum
600 1222 755 1307 producta
769 1223 952 1308 frequentia
965 1236 1086 1288 terram
1100 1241 1161 1288 uon

123 1339 231 1392 ruunt.
284 1328 367 1392 Fero
394 1324 436 1388 ob
456 1327 596 1390 ¹eandem
621 1345 749 1388 causam
775 1324 870 1388 limes
891 1327 976 1388 inter
998 1327 1158 1414 vegetatio
1199 1351 1214 1385 :

124 1429 316 1493 orientalem
332 1444 364 1494 et
379 1427 611 1492 occidentalem
624 1425 670 1490 ibi
684 1426 786 1491 multo
801 1431 908 1492 minus
923 1425 1079 1494 definitus
1091 1419 1136 1517 ‘qu

124 1531 331 1609 Smolandia,
358 1534 464 1596 ventis
488 1533 592 1616 magis
617 1529 821 1615 regularibus
844 1528 885 1592 ab
899 1543 1037 1618 utroque
1053 1544 1109 1596 tan
1184 1600 1187 1605 ,

121 1648 192 1698 tere
211 1634 362 1719 perflatae
397 1633 488 1698 Sicut
501 1635 605 1696 -venti
626 1645 721 1696 extra
735 1631 956 1697 Smolaudiam
969 1654 1046 1698 sese
1062 1636 1122 1700 dec

121 1735 284 1816 vitientur,
312 1740 359 1802 sio
385 1737 483 1799 etiarn
504 1737 667 1821 vegetatio
683 1735 851 1799 orientalis
868 1748 901 1799 et
915 1735 1128 1803 occidentalis
1138 1734 1181 1801 ibi

120 1841 262 1904 invicem
290 1839 565 1924 transscendunc
582 1859 636 1902 ex.
652 1859 703 1923 gr.
722 1835 1020 1922 Melampyrunr
1043 1850 1179 1907 namot
1202 1896 1214 1923 ,Ι

120 1962 208 2006 sum
233 1955 299 2006 tam
326 1939 484 2005 orientale
507 1961 612 2025 usque
637 1941 723 2004 ultra
743 1938 942 2005 llallandsa‘is
968 1945 1139 2031 pervenit,
1160 1924 1214 2007 od

119 2057 234 2107 contra
256 2041 473 2108 occidentales
494 2041 572 2106 illae
595 2042 718 2107 Erice
740 2040 944 2107 'l'etralix
968 2055 1001 2107 et
1022 2036 1214 2111 Gentium

118 2144 462 2212 Pnevmonanthe
501 2161 542 2208 ne
568 2146 739 2231 quidem
729 2167 764 2208 rn
788 2143 962 2232 Blekingia
989 2148 1124 2239 omuino
1148 2134 1214 2211 aad

119 2249 284 2314 derantur.
342 2247 496 2313 Attamen
528 2249 588 2310 vix
622 2245 753 2312 dubium
784 2248 931 2326 videtur,
965 2251 1044 2342 quin
1069 2238 1214 2337 vegetati

113 2349 330 2416 occidentalia
352 2350 531 2440 generatim
555 2348 753 2436 praevaleat,
777 2351 824 2413 ita
849 2362 885 2415 ut
907 2349 1063 2416 Gothia
1087 2368 1214 2461 versut

117 2454 337 2518 meridiem
379 2452 442 2517 hoc
481 2465 633 2536 respectu
666 2453 735 2517 fere
768 2463 838 2516 utut
871 2455 1072 2519 continuatio
1095 2416 1214 2519 Gothia

114 2575 234 2620 versus
256 2554 458 2620 occidentem
484 2555 721 2619 consideranda
745 2566 777 2618 et
800 2555 964 2618 tractanda
989 2558 1043 2620 sit.
1056 2552 1214 2642 muslera

113 2659 297 2744 provinciis
326 2677 513 2720 communes
540 2669 637 2720 sunt:
668 2655 948 2742 Gnaphalium
973 2654 1214 2737 arenarium]

115 2756 343 2825 Cineraria
371 2757 600 2845 palustria,
642 2755 764 2823 Inula
790 2758 1022 2839 Palioaria,
1064 2759 1214 2927 Charo!

111 2862 302 2948 phyllum
325 2862 609 2940 'Anthriscus,
651 2860 830 2946 Stachys
858 2866 1073 2943 arvensis,
1103 2863 1200 2928 Siso·

112 2966 379 3043 inundatum,
419 2967 579 3030 iuncus
610 2962 840 3050 capitatuS,
879 2962 1040 3030 Holcus
1065 2960 1214 3043 molliti

112 3065 213 3132 Aira
232 3085 422 3152 praeoox,
446 3067 644 3131 Panicum
668 3065 932 3152 sangvinale,
952 3054 1214 3157 quamquamploi

110 3189 211 3257 reque
238 3173 273 3234 in
299 3169 417 3234 Soania
441 3171 642 3254 frequentius
665 3164 879 3254 reperiuntur.
1204 3176 1214 3211 r

214 3270 449 3336 Hallandia
476 3285 623 3356 respectu
650 3275 886 3356 vegetationis,
913 3277 1055 3338 maxime
1079 3274 1214 3362 occideul

111 3369 188 3439 talis
216 3376 385 3458 provincia
415 3377 515 3451 totius
548 3377 642 3459 regni
674 3394 748 3437 esse
780 3376 916 3439 videtur.
969 3376 1088 3441 Exstat
1117 3376 1164 3441 ibi
1190 3380 1214 3449 tt

91 3477 256 3562 «scopulis
289 3480 421 3541 extimis
451 3480 596 3540 maxime
630 3477 831 3545 occidentale
862 3477 944 3542 illud
969 3477 1214 3565 Hypericurt

108 3579 344 3663 pulchrum,
369 3593 405 3652 ,ct
432 3592 573 3660 ceterum
598 3581 717 3643 erioeta
745 3578 915 3645 fruticuloa
943 3580 1020 3644 illos
1044 3581 1214 3668 legumino·

108 3701 167 3746 soa
200 3683 269 3747 scil.
301 3683 501 3746 Genistas
528 3685 704 3766 rccipiunt,
738 3684 860 3768 vixque
887 3682 970 3746 aliae
996 3683 1108 3766 sylvae
1131 3702 1214 3773 quau

109 3781 198 3851 lenta
229 3787 352 3872 Fageta
376 3782 560 3873 lichenilrus
590 3783 760 3850 herbaceis
788 3785 906 3851 referta
930 3786 1113 3867 absistunt,
1142 3792 1214 3853 into!
