<?xml version="1.0" encoding="UTF-8"?>
<!DOCTYPE html PUBLIC "-//W3C//DTD XHTML 1.0 Transitional//EN"
    "http://www.w3.org/TR/xhtml1/DTD/xhtml1-transitional.dtd">
<html xmlns="http://www.w3.org/1999/xhtml" xml:lang="en" lang="en">
 <head>
  <title>
</title>
<meta http-equiv="Content-Type" content="text/html;charset=utf-8" />
  <meta name='ocr-system' content='tesseract 3.04.00' />
  <meta name='ocr-capabilities' content='ocr_page ocr_carea ocr_par ocr_line ocrx_word'/>
</head>
<body>
  <div class='ocr_page' id='page_1' title='image "./florasuecicaenu00wahlgoog/florasuecicaenu00wahlgoog_0038.png"; bbox 0 0 2550 4492; ppageno 0'>
   <div class='ocr_carea' id='block_1_1' title="bbox 353 232 1188 311">
    <p class='ocr_par' dir='ltr' id='par_1_1' title="bbox 353 232 1188 311">
     <span class='ocr_line' id='line_1_1' title="bbox 353 232 1188 311; baseline 0.008 -7"><span class='ocrx_word' id='word_1_1' title='bbox 353 232 692 305; x_wconf 77' lang='lat' dir='ltr'><strong>ceusrucaus</strong></span> <span class='ocrx_word' id='word_1_2' title='bbox 744 260 902 307; x_wconf 78' lang='lat' dir='ltr'><strong>nuent</strong></span> <span class='ocrx_word' id='word_1_3' title='bbox 1108 250 1188 311; x_wconf 81' lang='lat' dir='ltr'><strong>xm</strong></span> 
     </span>
    </p>
   </div>
   <div class='ocr_carea' id='block_1_2' title="bbox 53 441 1257 1047">
    <p class='ocr_par' dir='ltr' id='par_1_2' title="bbox 53 441 1257 1047">
     <span class='ocr_line' id='line_1_2' title="bbox 60 441 1187 534; baseline 0.001 -22"><span class='ocrx_word' id='word_1_4' title='bbox 60 455 93 516; x_wconf 62' lang='lat' dir='ltr'><strong>iu*</strong></span> <span class='ocrx_word' id='word_1_5' title='bbox 115 463 162 508; x_wconf 84' lang='lat' dir='ltr'><strong>ton</strong></span> <span class='ocrx_word' id='word_1_6' title='bbox 190 454 389 530; x_wconf 83' lang='lat' dir='ltr'><strong>exspectatas</strong></span> <span class='ocrx_word' id='word_1_7' title='bbox 427 443 535 508; x_wconf 78' lang='lat' dir='ltr'><strong>terrae</strong></span> <span class='ocrx_word' id='word_1_8' title='bbox 573 441 640 508; x_wconf 88' lang='lat' dir='ltr'><strong>late</strong></span> <span class='ocrx_word' id='word_1_9' title='bbox 675 446 861 523; x_wconf 87' lang='lat' dir='ltr'><strong>committit,</strong></span> <span class='ocrx_word' id='word_1_10' title='bbox 901 444 988 511; x_wconf 88' lang='lat' dir='ltr'><strong>unde</strong></span> <span class='ocrx_word' id='word_1_11' title='bbox 1023 451 1187 534; x_wconf 79' lang='lat' dir='ltr'>vegetatio</span> 
     </span>
     <span class='ocr_line' id='line_1_3' title="bbox 53 545 1257 636; baseline 0.005 -27"><span class='ocrx_word' id='word_1_12' title='bbox 53 548 101 631; x_wconf 63' lang='lat' dir='ltr'><strong>roff</strong></span> <span class='ocrx_word' id='word_1_13' title='bbox 116 549 209 632; x_wconf 81' lang='lat' dir='ltr'><strong>proprie</strong></span> <span class='ocrx_word' id='word_1_14' title='bbox 227 549 295 612; x_wconf 86' lang='lat' dir='ltr'><strong>fere</strong></span> <span class='ocrx_word' id='word_1_15' title='bbox 314 545 441 611; x_wconf 85' lang='lat' dir='ltr'><strong>Baltiea</strong></span> <span class='ocrx_word' id='word_1_16' title='bbox 466 546 650 624; x_wconf 82' lang='lat' dir='ltr'><strong>samolo,</strong></span> <span class='ocrx_word' id='word_1_17' title='bbox 675 547 829 613; x_wconf 88' lang='lat' dir='ltr'><strong>Astere</strong></span> <span class='ocrx_word' id='word_1_18' title='bbox 853 546 1071 634; x_wconf 60' lang='lat' dir='ltr'><strong>Tripolim</strong></span> <span class='ocrx_word' id='word_1_19' title='bbox 1095 549 1189 636; x_wconf 86' lang='lat' dir='ltr'><strong>Ery·</strong></span> <span class='ocrx_word' id='word_1_20' title='bbox 1254 614 1257 621; x_wconf 85' lang='grc'><strong>,</strong></span> 
     </span>
     <span class='ocr_line' id='line_1_4' title="bbox 54 638 1189 739; baseline 0.001 -23"><span class='ocrx_word' id='word_1_21' title='bbox 54 660 64 716; x_wconf 86' lang='lat' dir='ltr'><strong>i</strong></span> <span class='ocrx_word' id='word_1_22' title='bbox 92 638 206 713; x_wconf 73' lang='lat' dir='ltr'><strong>¹&#39;tinea</strong></span> <span class='ocrx_word' id='word_1_23' title='bbox 231 649 545 735; x_wconf 84' lang='lat' dir='ltr'><strong>&#39;augustisolia‚</strong></span> <span class='ocrx_word' id='word_1_24' title='bbox 573 648 790 735; x_wconf 80' lang='lat' dir='ltr'><strong>Polygala</strong></span> <span class='ocrx_word' id='word_1_25' title='bbox 832 672 969 715; x_wconf 83' lang='lat' dir='ltr'><strong>amera</strong></span> <span class='ocrx_word' id='word_1_26' title='bbox 1007 654 1189 739; x_wconf 79' lang='lat' dir='ltr'><strong>insigniore</strong></span> 
     </span>
     <span class='ocr_line' id='line_1_5' title="bbox 53 750 1187 841; baseline 0.001 -22"><span class='ocrx_word' id='word_1_27' title='bbox 53 783 64 819; x_wconf 80' lang='lat' dir='ltr'><strong>s</strong></span> <span class='ocrx_word' id='word_1_28' title='bbox 100 755 177 836; x_wconf 82' lang='lat' dir='ltr'><strong>&#39;apia</strong></span> <span class='ocrx_word' id='word_1_29' title='bbox 195 772 286 837; x_wconf 88' lang='lat' dir='ltr'><strong>quam</strong></span> <span class='ocrx_word' id='word_1_30' title='bbox 308 751 404 828; x_wconf 79' lang='lat' dir='ltr'><strong>alibi,</strong></span> <span class='ocrx_word' id='word_1_31' title='bbox 431 764 464 814; x_wconf 91' lang='lat' dir='ltr'><strong>et</strong></span> <span class='ocrx_word' id='word_1_32' title='bbox 489 763 633 816; x_wconf 84' lang='lat' dir='ltr'><strong>ceterum</strong></span> <span class='ocrx_word' id='word_1_33' title='bbox 661 750 871 837; x_wconf 88' lang='lat' dir='ltr'><strong>sequentibus</strong></span> <span class='ocrx_word' id='word_1_34' title='bbox 896 757 1002 840; x_wconf 84' lang='lat' dir='ltr'><strong>magis</strong></span> <span class='ocrx_word' id='word_1_35' title='bbox 1028 758 1187 841; x_wconf 81' lang='lat' dir='ltr'><strong>propriist</strong></span> 
     </span>
     <span class='ocr_line' id='line_1_6' title="bbox 53 843 1190 936; baseline 0.005 -20"><span class='ocrx_word' id='word_1_36' title='bbox 53 896 54 900; x_wconf 54' lang='lat'><em>=</em></span> <span class='ocrx_word' id='word_1_37' title='bbox 111 851 226 918; x_wconf 79' lang='lat' dir='ltr'><strong>Carice</strong></span> <span class='ocrx_word' id='word_1_38' title='bbox 252 851 443 931; x_wconf 87' lang='lat' dir='ltr'><strong>evoluta,</strong></span> <span class='ocrx_word' id='word_1_39' title='bbox 478 843 658 936; x_wconf 83' lang='lat' dir='ltr'><strong>Najade,</strong></span> <span class='ocrx_word' id='word_1_40' title='bbox 691 852 841 918; x_wconf 87' lang='lat' dir='ltr'><strong>Charis</strong></span> <span class='ocrx_word' id='word_1_41' title='bbox 868 859 1084 935; x_wconf 87' lang='lat' dir='ltr'><strong>maximis,</strong></span> <span class='ocrx_word' id='word_1_42' title='bbox 1110 857 1190 922; x_wconf 86' lang='lat' dir='ltr'><strong>Po·</strong></span> 
     </span>
     <span class='ocr_line' id='line_1_7' title="bbox 53 957 1191 1047; baseline 0.005 -29"><span class='ocrx_word' id='word_1_43' title='bbox 53 970 69 1031; x_wconf 70' lang='grc'><strong>,·</strong></span> <span class='ocrx_word' id='word_1_44' title='bbox 107 967 344 1043; x_wconf 84' lang='lat' dir='ltr'><strong>teuogetoue</strong></span> <span class='ocrx_word' id='word_1_45' title='bbox 377 957 536 1020; x_wconf 89' lang='lat' dir='ltr'><strong>marino</strong></span> <span class='ocrx_word' id='word_1_46' title='bbox 572 975 633 1021; x_wconf 87' lang='lat' dir='ltr'><strong>etc.</strong></span> <span class='ocrx_word' id='word_1_47' title='bbox 668 959 853 1021; x_wconf 83' lang='lat' dir='ltr'><strong>constitute.</strong></span> <span class='ocrx_word' id='word_1_48' title='bbox 911 957 1004 1023; x_wconf 83' lang='lat' dir='ltr'><strong>Haec</strong></span> <span class='ocrx_word' id='word_1_49' title='bbox 1040 981 1123 1047; x_wconf 87' lang='lat' dir='ltr'><strong>aqua</strong></span> <span class='ocrx_word' id='word_1_50' title='bbox 1156 973 1191 1026; x_wconf 89' lang='lat' dir='ltr'><strong>et</strong></span> 
     </span>
    </p>
   </div>
   <div class='ocr_carea' id='block_1_3' title="bbox 53 1058 1240 3295">
    <p class='ocr_par' dir='ltr' id='par_1_3' title="bbox 53 1058 1240 3295">
     <span class='ocr_line' id='line_1_8' title="bbox 105 1058 1191 1147; baseline 0.005 -26"><span class='ocrx_word' id='word_1_51' title='bbox 105 1062 236 1145; x_wconf 74' lang='lat' dir='ltr'><strong>vegetatio</strong></span> <span class='ocrx_word' id='word_1_52' title='bbox 254 1078 384 1147; x_wconf 85' lang='lat' dir='ltr'><strong>quoque</strong></span> <span class='ocrx_word' id='word_1_53' title='bbox 406 1059 569 1122; x_wconf 89' lang='lat' dir='ltr'><strong>interdum</strong></span> <span class='ocrx_word' id='word_1_54' title='bbox 590 1058 789 1144; x_wconf 82' lang='lat' dir='ltr'><strong>aliquantum</strong></span> <span class='ocrx_word' id='word_1_55' title='bbox 812 1063 847 1124; x_wconf 88' lang='lat' dir='ltr'><strong>iu</strong></span> <span class='ocrx_word' id='word_1_56' title='bbox 864 1062 972 1145; x_wconf 91' lang='lat' dir='ltr'><strong>ipsum</strong></span> <span class='ocrx_word' id='word_1_57' title='bbox 987 1061 1093 1126; x_wconf 90' lang='lat' dir='ltr'><strong>lacum</strong></span> <span class='ocrx_word' id='word_1_58' title='bbox 1109 1061 1191 1128; x_wconf 75' lang='lat' dir='ltr'><strong>Mut-¹</strong></span> 
     </span>
     <span class='ocr_line' id='line_1_9' title="bbox 57 1158 1189 1248; baseline 0.002 -21"><span class='ocrx_word' id='word_1_59' title='bbox 57 1193 68 1227; x_wconf 73' lang='lat' dir='ltr'><strong>r</strong></span> <span class='ocrx_word' id='word_1_60' title='bbox 104 1158 146 1225; x_wconf 82' lang='lat' dir='ltr'><strong>leri</strong></span> <span class='ocrx_word' id='word_1_61' title='bbox 169 1161 349 1238; x_wconf 83' lang='lat' dir='ltr'><strong>adscendit,</strong></span> <span class='ocrx_word' id='word_1_62' title='bbox 382 1181 447 1247; x_wconf 90' lang='lat' dir='ltr'><strong>quo</strong></span> <span class='ocrx_word' id='word_1_63' title='bbox 472 1160 534 1238; x_wconf 70' lang='lat' dir='ltr'><strong>hio,</strong></span> <span class='ocrx_word' id='word_1_64' title='bbox 553 1163 647 1248; x_wconf 86' lang='lat' dir='ltr'>quasi</span> <span class='ocrx_word' id='word_1_65' title='bbox 673 1174 807 1246; x_wconf 85' lang='lat' dir='ltr'><strong>quartus</strong></span> <span class='ocrx_word' id='word_1_66' title='bbox 831 1164 942 1226; x_wconf 87' lang='lat' dir='ltr'><strong>radius</strong></span> <span class='ocrx_word' id='word_1_67' title='bbox 968 1163 1058 1226; x_wconf 80' lang='lat' dir='ltr'><strong>illius</strong></span> <span class='ocrx_word' id='word_1_68' title='bbox 1083 1168 1189 1231; x_wconf 82' lang='lat' dir='ltr'><strong>erucis</strong></span> 
     </span>
     <span class='ocr_line' id='line_1_10' title="bbox 76 1264 1240 1347; baseline 0.003 -18"><span class='ocrx_word' id='word_1_69' title='bbox 76 1266 184 1329; x_wconf 75' lang='lat' dir='ltr'><strong>evadit</strong></span> <span class='ocrx_word' id='word_1_70' title='bbox 206 1267 242 1328; x_wconf 89' lang='lat' dir='ltr'><strong>in</strong></span> <span class='ocrx_word' id='word_1_71' title='bbox 267 1284 309 1329; x_wconf 90' lang='lat' dir='ltr'><strong>eo</strong></span> <span class='ocrx_word' id='word_1_72' title='bbox 331 1265 491 1347; x_wconf 89' lang='lat' dir='ltr'><strong>majorem</strong></span> <span class='ocrx_word' id='word_1_73' title='bbox 516 1264 666 1327; x_wconf 79' lang='lat' dir='ltr'><strong>effectum</strong></span> <span class='ocrx_word' id='word_1_74' title='bbox 691 1265 809 1339; x_wconf 86' lang='lat' dir='ltr'><strong>totius,</strong></span> <span class='ocrx_word' id='word_1_75' title='bbox 835 1266 865 1327; x_wconf 85' lang='lat' dir='ltr'><strong>si</strong></span> <span class='ocrx_word' id='word_1_76' title='bbox 888 1266 935 1327; x_wconf 83' lang='lat' dir='ltr'><strong>ite</strong></span> <span class='ocrx_word' id='word_1_77' title='bbox 961 1265 1076 1342; x_wconf 82' lang='lat' dir='ltr'><strong>dicam,</strong></span> <span class='ocrx_word' id='word_1_78' title='bbox 1103 1289 1190 1332; x_wconf 83' lang='lat' dir='ltr'><strong>com·</strong></span> <span class='ocrx_word' id='word_1_79' title='bbox 1238 1278 1240 1285; x_wconf 83' lang='grc'><em>’</em></span> 
     </span>
     <span class='ocr_line' id='line_1_11' title="bbox 100 1363 1191 1451; baseline 0.004 -22"><span class='ocrx_word' id='word_1_80' title='bbox 100 1369 248 1451; x_wconf 76' lang='lat' dir='ltr'><strong>positionis</strong></span> <span class='ocrx_word' id='word_1_81' title='bbox 276 1363 393 1431; x_wconf 85' lang='lat' dir='ltr'><strong>harum</strong></span> <span class='ocrx_word' id='word_1_82' title='bbox 417 1367 545 1428; x_wconf 89' lang='lat' dir='ltr'><strong>virium.</strong></span> <span class='ocrx_word' id='word_1_83' title='bbox 581 1364 637 1430; x_wconf 75' lang='lat' dir='ltr'><strong>sio</strong></span> <span class='ocrx_word' id='word_1_84' title='bbox 653 1378 799 1429; x_wconf 79' lang='lat' dir='ltr'>centrum</span> <span class='ocrx_word' id='word_1_85' title='bbox 810 1377 918 1430; x_wconf 89' lang='lat' dir='ltr'><strong>motus</strong></span> <span class='ocrx_word' id='word_1_86' title='bbox 933 1370 1033 1431; x_wconf 88' lang='lat' dir='ltr'><strong>maris</strong></span> <span class='ocrx_word' id='word_1_87' title='bbox 1048 1371 1191 1433; x_wconf 82' lang='lat' dir='ltr'><strong>oriente·</strong></span> 
     </span>
     <span class='ocr_line' id='line_1_12' title="bbox 96 1465 1191 1556; baseline 0.004 -24"><span class='ocrx_word' id='word_1_88' title='bbox 96 1465 181 1533; x_wconf 80' lang='lat' dir='ltr'><strong>irad</strong></span> <span class='ocrx_word' id='word_1_89' title='bbox 206 1469 358 1533; x_wconf 87' lang='lat' dir='ltr'><strong>Sveoiam</strong></span> <span class='ocrx_word' id='word_1_90' title='bbox 381 1469 522 1532; x_wconf 89' lang='lat' dir='ltr'><strong>mediam</strong></span> <span class='ocrx_word' id='word_1_91' title='bbox 536 1470 738 1553; x_wconf 72' lang='lat' dir='ltr'><strong>reperimus.</strong></span> <span class='ocrx_word' id='word_1_92' title='bbox 758 1503 810 1515; x_wconf 94' lang='lat'><strong>-·-</strong></span> <span class='ocrx_word' id='word_1_93' title='bbox 839 1469 873 1554; x_wconf 90' lang='lat' dir='ltr'><strong>d)</strong></span> <span class='ocrx_word' id='word_1_94' title='bbox 897 1469 1004 1556; x_wconf 87' lang='lat' dir='ltr'><strong>Supra</strong></span> <span class='ocrx_word' id='word_1_95' title='bbox 1016 1468 1191 1536; x_wconf 83' lang='lat' dir='ltr'><strong>Alaudiam</strong></span> 
     </span>
     <span class='ocr_line' id='line_1_13' title="bbox 103 1568 1192 1658; baseline -0.004 -19"><span class='ocrx_word' id='word_1_96' title='bbox 103 1569 151 1639; x_wconf 83' lang='lat' dir='ltr'><strong>ltin</strong></span> <span class='ocrx_word' id='word_1_97' title='bbox 183 1570 374 1653; x_wconf 78' lang='lat' dir='ltr'><strong>extenditur</strong></span> <span class='ocrx_word' id='word_1_98' title='bbox 406 1569 523 1634; x_wconf 89' lang='lat' dir='ltr'><strong>Mare</strong></span> <span class='ocrx_word' id='word_1_99' title='bbox 557 1568 814 1646; x_wconf 87' lang='lat' dir='ltr'><strong>Bottuioum‚</strong></span> <span class='ocrx_word' id='word_1_100' title='bbox 855 1573 914 1654; x_wconf 90' lang='lat' dir='ltr'><strong>(ita</strong></span> <span class='ocrx_word' id='word_1_101' title='bbox 939 1595 958 1634; x_wconf 90' lang='lat' dir='ltr'><strong>a</strong></span> <span class='ocrx_word' id='word_1_102' title='bbox 982 1575 1088 1635; x_wconf 88' lang='lat' dir='ltr'><strong>nautis</strong></span> <span class='ocrx_word' id='word_1_103' title='bbox 1115 1594 1192 1658; x_wconf 87' lang='lat' dir='ltr'><strong>pro-</strong></span> 
     </span>
     <span class='ocr_line' id='line_1_14' title="bbox 53 1661 1221 1763; baseline 0.002 -26"><span class='ocrx_word' id='word_1_104' title='bbox 53 1696 71 1751; x_wconf 69' lang='grc' dir='ltr'><strong>ζ-</strong></span> <span class='ocrx_word' id='word_1_105' title='bbox 100 1676 299 1756; x_wconf 72' lang='lat' dir='ltr'><strong>piedctum,</strong></span> <span class='ocrx_word' id='word_1_106' title='bbox 325 1687 362 1736; x_wconf 91' lang='lat' dir='ltr'><strong>ut</strong></span> <span class='ocrx_word' id='word_1_107' title='bbox 387 1673 603 1756; x_wconf 78' lang='lat' dir='ltr'><strong>distinguatur</strong></span> <span class='ocrx_word' id='word_1_108' title='bbox 618 1690 647 1735; x_wconf 69' lang='lat' dir='ltr'><strong>&#39;a</strong></span> <span class='ocrx_word' id='word_1_109' title='bbox 670 1675 745 1735; x_wconf 90' lang='lat' dir='ltr'><strong>sinu</strong></span> <span class='ocrx_word' id='word_1_110' title='bbox 761 1661 913 1738; x_wconf 85' lang='lat' dir='ltr'><strong>Bottnieo</strong></span> <span class='ocrx_word' id='word_1_111' title='bbox 929 1677 1079 1759; x_wconf 86' lang='lat' dir='ltr'><strong>summo),</strong></span> <span class='ocrx_word' id='word_1_112' title='bbox 1103 1676 1191 1763; x_wconf 90' lang='lat' dir='ltr'><strong>quod</strong></span> <span class='ocrx_word' id='word_1_113' title='bbox 1218 1730 1221 1739; x_wconf 76' lang='grc'><strong><em>,</em></strong></span> 
     </span>
     <span class='ocr_line' id='line_1_15' title="bbox 53 1774 1192 1875; baseline 0.002 -36"><span class='ocrx_word' id='word_1_114' title='bbox 53 1776 75 1875; x_wconf 61' lang='lat' dir='ltr'><strong>p&#39;</strong></span> <span class='ocrx_word' id='word_1_115' title='bbox 100 1795 154 1839; x_wconf 77' lang='lat' dir='ltr'><strong>nox</strong></span> <span class='ocrx_word' id='word_1_116' title='bbox 185 1778 311 1841; x_wconf 86' lang='lat' dir='ltr'><strong>eximie</strong></span> <span class='ocrx_word' id='word_1_117' title='bbox 343 1777 414 1838; x_wconf 90' lang='lat' dir='ltr'><strong>sine</strong></span> <span class='ocrx_word' id='word_1_118' title='bbox 446 1774 564 1838; x_wconf 89' lang='lat' dir='ltr'><strong>insulis</strong></span> <span class='ocrx_word' id='word_1_119' title='bbox 595 1774 739 1862; x_wconf 87' lang='lat' dir='ltr'><strong>undique</strong></span> <span class='ocrx_word' id='word_1_120' title='bbox 759 1788 849 1860; x_wconf 87' lang='lat' dir='ltr'><strong>patet</strong></span> <span class='ocrx_word' id='word_1_121' title='bbox 877 1790 909 1840; x_wconf 93' lang='lat' dir='ltr'><strong>et</strong></span> <span class='ocrx_word' id='word_1_122' title='bbox 934 1778 1039 1862; x_wconf 84' lang='lat' dir='ltr'><strong>rigida</strong></span> <span class='ocrx_word' id='word_1_123' title='bbox 1064 1776 1192 1863; x_wconf 90' lang='lat' dir='ltr'><strong>Hippo·</strong></span> 
     </span>
     <span class='ocr_line' id='line_1_16' title="bbox 53 1866 1204 1965; baseline 0.003 -25"><span class='ocrx_word' id='word_1_124' title='bbox 53 1916 60 1955; x_wconf 70' lang='grc' dir='ltr'><strong>ι,</strong></span> <span class='ocrx_word' id='word_1_125' title='bbox 97 1877 159 1961; x_wconf 75' lang='lat' dir='ltr'><strong>plat</strong></span> <span class='ocrx_word' id='word_1_126' title='bbox 196 1878 237 1943; x_wconf 90' lang='lat' dir='ltr'><strong>ab</strong></span> <span class='ocrx_word' id='word_1_127' title='bbox 272 1866 340 1941; x_wconf 86' lang='lat' dir='ltr'><strong>oris</strong></span> <span class='ocrx_word' id='word_1_128' title='bbox 367 1877 526 1962; x_wconf 86' lang='lat' dir='ltr'><strong>abigitur,</strong></span> <span class='ocrx_word' id='word_1_129' title='bbox 560 1878 699 1964; x_wconf 87' lang='lat' dir='ltr'><strong>denique</strong></span> <span class='ocrx_word' id='word_1_130' title='bbox 730 1881 872 1942; x_wconf 84' lang='lat' dir='ltr'><strong>maxime</strong></span> <span class='ocrx_word' id='word_1_131' title='bbox 900 1870 1065 1965; x_wconf 78' lang='lat' dir='ltr'><strong>propriam</strong></span> <span class='ocrx_word' id='word_1_132' title='bbox 1088 1877 1204 1943; x_wconf 76' lang='lat' dir='ltr'><strong>Nert-¹</strong></span> 
     </span>
     <span class='ocr_line' id='line_1_17' title="bbox 84 1976 1193 2065; baseline 0.003 -23"><span class='ocrx_word' id='word_1_133' title='bbox 84 1976 235 2044; x_wconf 84' lang='lat' dir='ltr'><strong>leudicam</strong></span> <span class='ocrx_word' id='word_1_134' title='bbox 261 1982 504 2065; x_wconf 82' lang='lat' dir='ltr'><strong>vegetationem</strong></span> <span class='ocrx_word' id='word_1_135' title='bbox 528 1982 687 2065; x_wconf 83' lang='lat' dir='ltr'><strong>attingere</strong></span> <span class='ocrx_word' id='word_1_136' title='bbox 709 1980 838 2044; x_wconf 88' lang='lat' dir='ltr'><strong>videtur</strong></span> <span class='ocrx_word' id='word_1_137' title='bbox 868 1983 909 2045; x_wconf 87' lang='lat' dir='ltr'><strong>ad</strong></span> <span class='ocrx_word' id='word_1_138' title='bbox 934 1986 1058 2045; x_wconf 86' lang='lat' dir='ltr'><strong>exitum</strong></span> <span class='ocrx_word' id='word_1_139' title='bbox 1087 1981 1193 2046; x_wconf 87' lang='lat' dir='ltr'><strong>flumi-</strong></span> 
     </span>
     <span class='ocr_line' id='line_1_18' title="bbox 95 2077 1192 2168; baseline 0.005 -25"><span class='ocrx_word' id='word_1_140' title='bbox 95 2085 133 2145; x_wconf 90' lang='lat' dir='ltr'><strong>nis</strong></span> <span class='ocrx_word' id='word_1_141' title='bbox 156 2085 297 2148; x_wconf 78' lang='lat' dir='ltr'><strong>maximi</strong></span> <span class='ocrx_word' id='word_1_142' title='bbox 321 2077 592 2167; x_wconf 82' lang='lat' dir='ltr'><strong>Angermannioi‚</strong></span> <span class='ocrx_word' id='word_1_143' title='bbox 620 2081 677 2145; x_wconf 92' lang='lat' dir='ltr'><strong>ubi</strong></span> <span class='ocrx_word' id='word_1_144' title='bbox 701 2084 737 2145; x_wconf 92' lang='lat' dir='ltr'><strong>in</strong></span> <span class='ocrx_word' id='word_1_145' title='bbox 760 2082 905 2168; x_wconf 87' lang='lat' dir='ltr'><strong>seopulis</strong></span> <span class='ocrx_word' id='word_1_146' title='bbox 929 2088 1062 2148; x_wconf 80' lang='lat' dir='ltr'><strong>extimis</strong></span> <span class='ocrx_word' id='word_1_147' title='bbox 1090 2083 1192 2150; x_wconf 87' lang='lat' dir='ltr'><strong>Car·</strong></span> 
     </span>
     <span class='ocr_line' id='line_1_19' title="bbox 96 2183 1194 2271; baseline 0.005 -25"><span class='ocrx_word' id='word_1_148' title='bbox 96 2185 238 2250; x_wconf 82' lang='lat' dir='ltr'><strong>demine</strong></span> <span class='ocrx_word' id='word_1_149' title='bbox 262 2198 422 2271; x_wconf 80' lang='lat' dir='ltr'><strong>petraea</strong></span> <span class='ocrx_word' id='word_1_150' title='bbox 446 2186 545 2248; x_wconf 87' lang='lat' dir='ltr'><strong>Linn.</strong></span> <span class='ocrx_word' id='word_1_151' title='bbox 573 2187 607 2249; x_wconf 92' lang='lat' dir='ltr'><strong>in</strong></span> <span class='ocrx_word' id='word_1_152' title='bbox 634 2183 750 2248; x_wconf 90' lang='lat' dir='ltr'><strong>insulis</strong></span> <span class='ocrx_word' id='word_1_153' title='bbox 775 2199 882 2249; x_wconf 88' lang='lat' dir='ltr'><strong>autem</strong></span> <span class='ocrx_word' id='word_1_154' title='bbox 906 2186 1117 2250; x_wconf 86' lang='lat' dir='ltr'><strong>interioribus</strong></span> <span class='ocrx_word' id='word_1_155' title='bbox 1140 2186 1194 2251; x_wconf 88' lang='lat' dir='ltr'><strong>A·</strong></span> 
     </span>
     <span class='ocr_line' id='line_1_20' title="bbox 95 2286 1193 2374; baseline 0.005 -26"><span class='ocrx_word' id='word_1_156' title='bbox 95 2286 190 2352; x_wconf 86' lang='lat' dir='ltr'><strong>rabis</strong></span> <span class='ocrx_word' id='word_1_157' title='bbox 221 2301 397 2374; x_wconf 73' lang='lat' dir='ltr'><strong>petraea,</strong></span> <span class='ocrx_word' id='word_1_158' title='bbox 444 2309 526 2371; x_wconf 91' lang='lat' dir='ltr'><strong>quae</strong></span> <span class='ocrx_word' id='word_1_159' title='bbox 559 2300 667 2350; x_wconf 87' lang='lat' dir='ltr'><strong>tamen</strong></span> <span class='ocrx_word' id='word_1_160' title='bbox 695 2308 793 2351; x_wconf 89' lang='lat' dir='ltr'><strong>unam</strong></span> <span class='ocrx_word' id='word_1_161' title='bbox 824 2290 1024 2374; x_wconf 83' lang='lat' dir='ltr'><strong>eandemque</strong></span> <span class='ocrx_word' id='word_1_162' title='bbox 1050 2291 1193 2373; x_wconf 87' lang='lat' dir='ltr'><strong>speeiem</strong></span> 
     </span>
     <span class='ocr_line' id='line_1_21' title="bbox 98 2383 1193 2476; baseline 0.005 -27"><span class='ocrx_word' id='word_1_163' title='bbox 98 2390 132 2451; x_wconf 85' lang='lat' dir='ltr'><strong>ita</strong></span> <span class='ocrx_word' id='word_1_164' title='bbox 151 2392 187 2454; x_wconf 84' lang='lat' dir='ltr'><strong>in</strong></span> <span class='ocrx_word' id='word_1_165' title='bbox 211 2383 388 2454; x_wconf 84' lang='lat' dir='ltr'><strong>varietates</strong></span> <span class='ocrx_word' id='word_1_166' title='bbox 421 2397 577 2453; x_wconf 86' lang='lat' dir='ltr'><strong>mutatam</strong></span> <span class='ocrx_word' id='word_1_167' title='bbox 607 2392 817 2454; x_wconf 83' lang='lat' dir='ltr'><strong>constituunt.</strong></span> <span class='ocrx_word' id='word_1_168' title='bbox 869 2391 942 2454; x_wconf 86' lang='lat' dir='ltr'><strong>Jam</strong></span> <span class='ocrx_word' id='word_1_169' title='bbox 968 2413 1052 2475; x_wconf 84' lang='lat' dir='ltr'><strong>aqua</strong></span> <span class='ocrx_word' id='word_1_170' title='bbox 1079 2411 1193 2476; x_wconf 86' lang='lat' dir='ltr'><strong>parum</strong></span> 
     </span>
     <span class='ocr_line' id='line_1_22' title="bbox 99 2489 1193 2577; baseline 0.005 -25"><span class='ocrx_word' id='word_1_171' title='bbox 99 2490 169 2554; x_wconf 85' lang='lat' dir='ltr'><strong>salsa</strong></span> <span class='ocrx_word' id='word_1_172' title='bbox 191 2505 257 2571; x_wconf 80' lang='lat' dir='ltr'><strong>est,</strong></span> <span class='ocrx_word' id='word_1_173' title='bbox 294 2504 466 2576; x_wconf 86' lang='lat' dir='ltr'><strong>postquam</strong></span> <span class='ocrx_word' id='word_1_174' title='bbox 499 2489 724 2555; x_wconf 76' lang='lat' dir='ltr'><strong>salsitudin&#39;em</strong></span> <span class='ocrx_word' id='word_1_175' title='bbox 753 2493 847 2576; x_wconf 90' lang='lat' dir='ltr'><strong>quasi</strong></span> <span class='ocrx_word' id='word_1_176' title='bbox 880 2492 1031 2577; x_wconf 83' lang='lat' dir='ltr'><strong>deposuit</strong></span> <span class='ocrx_word' id='word_1_177' title='bbox 1060 2496 1095 2556; x_wconf 91' lang='lat' dir='ltr'><strong>in</strong></span> <span class='ocrx_word' id='word_1_178' title='bbox 1116 2516 1193 2557; x_wconf 86' lang='lat' dir='ltr'><strong>eou-</strong></span> 
     </span>
     <span class='ocr_line' id='line_1_23' title="bbox 102 2590 1195 2681; baseline 0.006 -29"><span class='ocrx_word' id='word_1_179' title='bbox 102 2590 175 2657; x_wconf 81' lang='lat' dir='ltr'><strong>luxu</strong></span> <span class='ocrx_word' id='word_1_180' title='bbox 209 2594 438 2681; x_wconf 84' lang='lat' dir='ltr'><strong>praecedentis</strong></span> <span class='ocrx_word' id='word_1_181' title='bbox 475 2594 560 2657; x_wconf 90' lang='lat' dir='ltr'><strong>inter</strong></span> <span class='ocrx_word' id='word_1_182' title='bbox 589 2592 715 2657; x_wconf 81' lang='lat' dir='ltr'><strong>insulas</strong></span> <span class='ocrx_word' id='word_1_183' title='bbox 740 2592 943 2680; x_wconf 84' lang='lat' dir='ltr'><strong>Roslagioas.</strong></span> <span class='ocrx_word' id='word_1_184' title='bbox 1004 2597 1034 2680; x_wconf 89' lang='lat' dir='ltr'><strong>e)</strong></span> <span class='ocrx_word' id='word_1_185' title='bbox 1069 2595 1195 2659; x_wconf 82' lang='lat' dir='ltr'><strong>Sinus</strong></span> 
     </span>
     <span class='ocr_line' id='line_1_24' title="bbox 108 2686 1233 2782; baseline 0.005 -28"><span class='ocrx_word' id='word_1_186' title='bbox 108 2686 296 2764; x_wconf 80' lang='lat' dir='ltr'><strong>bettricus</strong></span> <span class='ocrx_word' id='word_1_187' title='bbox 329 2718 402 2781; x_wconf 89' lang='lat' dir='ltr'><strong>per</strong></span> <span class='ocrx_word' id='word_1_188' title='bbox 432 2716 475 2758; x_wconf 91' lang='lat' dir='ltr'><strong>se</strong></span> <span class='ocrx_word' id='word_1_189' title='bbox 508 2696 640 2773; x_wconf 83' lang='lat' dir='ltr'><strong>dicitur,</strong></span> <span class='ocrx_word' id='word_1_190' title='bbox 680 2698 736 2782; x_wconf 89' lang='lat' dir='ltr'><strong>qui</strong></span> <span class='ocrx_word' id='word_1_191' title='bbox 768 2718 867 2781; x_wconf 87' lang='lat' dir='ltr'><strong>supra</strong></span> <span class='ocrx_word' id='word_1_192' title='bbox 902 2695 1058 2772; x_wconf 80' lang='lat' dir='ltr'><strong>Qvarkeu</strong></span> <span class='ocrx_word' id='word_1_193' title='bbox 1090 2711 1195 2762; x_wconf 87' lang='lat' dir='ltr'><strong>restat</strong></span> <span class='ocrx_word' id='word_1_194' title='bbox 1230 2777 1233 2780; x_wconf 72' lang='lat'>.</span> 
     </span>
     <span class='ocr_line' id='line_1_25' title="bbox 105 2795 1195 2884; baseline 0.005 -26"><span class='ocrx_word' id='word_1_195' title='bbox 105 2800 180 2880; x_wconf 73' lang='lat' dir='ltr'><strong>prasi</strong></span> <span class='ocrx_word' id='word_1_196' title='bbox 200 2820 314 2867; x_wconf 78' lang='lat' dir='ltr'><strong>saccus</strong></span> <span class='ocrx_word' id='word_1_197' title='bbox 341 2795 502 2875; x_wconf 78' lang='lat' dir='ltr'><strong>occlusus,</strong></span> <span class='ocrx_word' id='word_1_198' title='bbox 530 2798 673 2884; x_wconf 90' lang='lat' dir='ltr'><strong>undique</strong></span> <span class='ocrx_word' id='word_1_199' title='bbox 700 2796 842 2882; x_wconf 88' lang='lat' dir='ltr'><strong>planiori</strong></span> <span class='ocrx_word' id='word_1_200' title='bbox 865 2811 950 2860; x_wconf 86' lang='lat' dir='ltr'><strong>terra</strong></span> <span class='ocrx_word' id='word_1_201' title='bbox 968 2800 1195 2878; x_wconf 82' lang='lat' dir='ltr'><strong>circumdatus,</strong></span> 
     </span>
     <span class='ocr_line' id='line_1_26' title="bbox 98 2896 1196 2982; baseline 0.005 -22"><span class='ocrx_word' id='word_1_202' title='bbox 98 2896 204 2980; x_wconf 81' lang='lat' dir='ltr'><strong>plantas</strong></span> <span class='ocrx_word' id='word_1_203' title='bbox 230 2906 295 2970; x_wconf 79' lang='lat' dir='ltr'><strong>vix</strong></span> <span class='ocrx_word' id='word_1_204' title='bbox 320 2899 404 2964; x_wconf 88' lang='lat' dir='ltr'><strong>ullas</strong></span> <span class='ocrx_word' id='word_1_205' title='bbox 430 2899 590 2964; x_wconf 86' lang='lat' dir='ltr'><strong>litterales</strong></span> <span class='ocrx_word' id='word_1_206' title='bbox 613 2914 744 2982; x_wconf 86' lang='lat' dir='ltr'><strong>praeter</strong></span> <span class='ocrx_word' id='word_1_207' title='bbox 774 2899 973 2964; x_wconf 84' lang='lat' dir='ltr'><strong>Glaueem</strong></span> <span class='ocrx_word' id='word_1_208' title='bbox 999 2913 1031 2962; x_wconf 92' lang='lat' dir='ltr'><strong>et</strong></span> <span class='ocrx_word' id='word_1_209' title='bbox 1055 2900 1196 2966; x_wconf 88' lang='lat' dir='ltr'><strong>Pisum</strong></span> 
     </span>
     <span class='ocr_line' id='line_1_27' title="bbox 53 2990 1196 3088; baseline -0.001 -19"><span class='ocrx_word' id='word_1_210' title='bbox 53 3064 55 3069; x_wconf 81' lang='grc'>,</span> <span class='ocrx_word' id='word_1_211' title='bbox 98 2990 349 3081; x_wconf 82' lang='lat' dir='ltr'><strong>maritimum,</strong></span> <span class='ocrx_word' id='word_1_212' title='bbox 378 3020 494 3073; x_wconf 81' lang='lat' dir='ltr'><strong>omues</strong></span> <span class='ocrx_word' id='word_1_213' title='bbox 525 3016 559 3065; x_wconf 90' lang='lat' dir='ltr'><strong>et</strong></span> <span class='ocrx_word' id='word_1_214' title='bbox 584 3000 715 3064; x_wconf 89' lang='lat' dir='ltr'><strong>ultimas</strong></span> <span class='ocrx_word' id='word_1_215' title='bbox 742 3022 817 3065; x_wconf 86' lang='lat' dir='ltr'><strong>oras</strong></span> <span class='ocrx_word' id='word_1_216' title='bbox 842 3005 984 3065; x_wconf 86' lang='lat' dir='ltr'><strong>marinas</strong></span> <span class='ocrx_word' id='word_1_217' title='bbox 1008 3009 1196 3088; x_wconf 87' lang='lat' dir='ltr'><strong>sequentia,</strong></span> 
     </span>
     <span class='ocr_line' id='line_1_28' title="bbox 96 3101 1198 3192; baseline 0.004 -27"><span class='ocrx_word' id='word_1_218' title='bbox 96 3106 141 3168; x_wconf 86' lang='lat' dir='ltr'><strong>sed</strong></span> <span class='ocrx_word' id='word_1_219' title='bbox 166 3111 279 3192; x_wconf 88' lang='lat' dir='ltr'><strong>potius</strong></span> <span class='ocrx_word' id='word_1_220' title='bbox 312 3119 510 3192; x_wconf 82' lang='lat' dir='ltr'><strong>campestres</strong></span> <span class='ocrx_word' id='word_1_221' title='bbox 541 3116 577 3168; x_wconf 88' lang='lat' dir='ltr'><strong>ut</strong></span> <span class='ocrx_word' id='word_1_222' title='bbox 609 3101 832 3169; x_wconf 85' lang='lat' dir='ltr'><strong>Bidentem</strong></span> <span class='ocrx_word' id='word_1_223' title='bbox 863 3108 1127 3192; x_wconf 88' lang='lat' dir='ltr'><strong>tripartitam</strong></span> <span class='ocrx_word' id='word_1_224' title='bbox 1162 3109 1198 3169; x_wconf 90' lang='lat' dir='ltr'><strong>in</strong></span> 
     </span>
     <span class='ocr_line' id='line_1_29' title="bbox 94 3202 420 3295; baseline 0.015 -27"><span class='ocrx_word' id='word_1_225' title='bbox 94 3202 241 3295; x_wconf 83' lang='lat' dir='ltr'><strong>littoribus</strong></span> <span class='ocrx_word' id='word_1_226' title='bbox 264 3204 420 3274; x_wconf 84' lang='lat' dir='ltr'><strong>offerens.</strong></span> 
     </span>
    </p>
   </div>
   <div class='ocr_carea' id='block_1_4' title="bbox 53 3382 1215 3477">
    <p class='ocr_par' dir='ltr' id='par_1_4' title="bbox 53 3382 1215 3477">
     <span class='ocr_line' id='line_1_30' title="bbox 53 3382 1215 3477; baseline -0.011 -15"><span class='ocrx_word' id='word_1_227' title='bbox 53 3382 58 3421; x_wconf 66' lang='lat' dir='ltr'><strong>l</strong></span> <span class='ocrx_word' id='word_1_228' title='bbox 229 3390 276 3460; x_wconf 88' lang='grc' dir='ltr'><strong>Π.</strong></span> <span class='ocrx_word' id='word_1_229' title='bbox 330 3388 472 3459; x_wconf 78' lang='lat' dir='ltr'><strong>Zousu</strong></span> <span class='ocrx_word' id='word_1_230' title='bbox 510 3409 1043 3456; x_wconf 72' lang='lat' dir='ltr'><strong>meets-uanusvsasruus.</strong></span> <span class='ocrx_word' id='word_1_231' title='bbox 1111 3472 1113 3477; x_wconf 65' lang='lat'>,</span> <span class='ocrx_word' id='word_1_232' title='bbox 1213 3419 1215 3423; x_wconf 95' lang='lat'>·</span> 
     </span>
    </p>
   </div>
   <div class='ocr_carea' id='block_1_5' title="bbox 97 3533 1200 3929">
    <p class='ocr_par' dir='ltr' id='par_1_5' title="bbox 97 3533 1200 3929">
     <span class='ocr_line' id='line_1_31' title="bbox 180 3533 1198 3620; baseline -0.006 -20"><span class='ocrx_word' id='word_1_233' title='bbox 180 3535 264 3600; x_wconf 86' lang='lat' dir='ltr'><strong>Post</strong></span> <span class='ocrx_word' id='word_1_234' title='bbox 285 3533 372 3597; x_wconf 87' lang='lat' dir='ltr'><strong>hunc</strong></span> <span class='ocrx_word' id='word_1_235' title='bbox 398 3536 567 3600; x_wconf 73' lang='lat' dir='ltr'><strong>diremtum</strong></span> <span class='ocrx_word' id='word_1_236' title='bbox 591 3537 751 3599; x_wconf 86' lang='lat' dir='ltr'><strong>marinum</strong></span> <span class='ocrx_word' id='word_1_237' title='bbox 777 3535 851 3620; x_wconf 87' lang='lat' dir='ltr'><strong>ipsa</strong></span> <span class='ocrx_word' id='word_1_238' title='bbox 876 3548 962 3597; x_wconf 86' lang='lat' dir='ltr'><strong>terra</strong></span> <span class='ocrx_word' id='word_1_239' title='bbox 984 3535 1058 3618; x_wconf 86' lang='lat' dir='ltr'><strong>jugi</strong></span> <span class='ocrx_word' id='word_1_240' title='bbox 1083 3534 1198 3617; x_wconf 88' lang='lat' dir='ltr'><strong>penin-</strong></span> 
     </span>
     <span class='ocr_line' id='line_1_32' title="bbox 98 3633 1198 3725; baseline 0 -30"><span class='ocrx_word' id='word_1_241' title='bbox 98 3634 200 3703; x_wconf 80' lang='lat' dir='ltr'><strong>tuleris</strong></span> <span class='ocrx_word' id='word_1_242' title='bbox 222 3638 461 3703; x_wconf 82' lang='lat' dir='ltr'><strong>consideranda</strong></span> <span class='ocrx_word' id='word_1_243' title='bbox 486 3649 554 3714; x_wconf 83' lang='lat' dir='ltr'><strong>est,</strong></span> <span class='ocrx_word' id='word_1_244' title='bbox 582 3651 614 3701; x_wconf 89' lang='lat' dir='ltr'><strong>et</strong></span> <span class='ocrx_word' id='word_1_245' title='bbox 636 3639 766 3724; x_wconf 90' lang='lat' dir='ltr'><strong>quidem</strong></span> <span class='ocrx_word' id='word_1_246' title='bbox 790 3633 929 3722; x_wconf 89' lang='lat' dir='ltr'><strong>primum</strong></span> <span class='ocrx_word' id='word_1_247' title='bbox 953 3635 1128 3725; x_wconf 85' lang='lat' dir='ltr'><strong>seeundum</strong></span> <span class='ocrx_word' id='word_1_248' title='bbox 1146 3654 1198 3696; x_wconf 87' lang='lat' dir='ltr'><strong>ra·</strong></span> 
     </span>
     <span class='ocr_line' id='line_1_33' title="bbox 97 3738 1200 3828; baseline -0.003 -30"><span class='ocrx_word' id='word_1_249' title='bbox 97 3739 188 3805; x_wconf 81' lang='lat' dir='ltr'><strong>tiones</strong></span> <span class='ocrx_word' id='word_1_250' title='bbox 214 3738 440 3828; x_wconf 83' lang='lat' dir='ltr'><strong>generaliores</strong></span> <span class='ocrx_word' id='word_1_251' title='bbox 465 3760 486 3804; x_wconf 81' lang='lat' dir='ltr'><strong>a</strong></span> <span class='ocrx_word' id='word_1_252' title='bbox 507 3752 724 3825; x_wconf 82' lang='lat' dir='ltr'><strong>temperatura</strong></span> <span class='ocrx_word' id='word_1_253' title='bbox 737 3742 930 3825; x_wconf 84' lang='lat' dir='ltr'><strong>praesertim</strong></span> <span class='ocrx_word' id='word_1_254' title='bbox 950 3740 1142 3824; x_wconf 67' lang='lat' dir='ltr'><strong>pendentes</strong></span> <span class='ocrx_word' id='word_1_255' title='bbox 1166 3745 1200 3796; x_wconf 88' lang='lat' dir='ltr'><strong>et</strong></span> 
     </span>
     <span class='ocr_line' id='line_1_34' title="bbox 97 3836 1195 3929; baseline -0.006 -24"><span class='ocrx_word' id='word_1_256' title='bbox 97 3836 157 3907; x_wconf 88' lang='lat' dir='ltr'><strong>lein</strong></span> <span class='ocrx_word' id='word_1_257' title='bbox 185 3839 367 3911; x_wconf 83' lang='lat' dir='ltr'><strong>seeundum</strong></span> <span class='ocrx_word' id='word_1_258' title='bbox 390 3843 535 3909; x_wconf 90' lang='lat' dir='ltr'><strong>indolem</strong></span> <span class='ocrx_word' id='word_1_259' title='bbox 563 3845 666 3929; x_wconf 86' lang='lat' dir='ltr'><strong>magis</strong></span> <span class='ocrx_word' id='word_1_260' title='bbox 690 3840 867 3929; x_wconf 88' lang='lat' dir='ltr'><strong>specialem</strong></span> <span class='ocrx_word' id='word_1_261' title='bbox 890 3843 1060 3927; x_wconf 85' lang='lat' dir='ltr'><strong>regionum</strong></span> <span class='ocrx_word' id='word_1_262' title='bbox 1078 3836 1195 3927; x_wconf 16' lang='lat' dir='ltr'><strong>‘diver-</strong></span> 
     </span>
    </p>
   </div>
   <div class='ocr_carea' id='block_1_6' title="bbox 0 0 1291 4492">
    <p class='ocr_par' dir='ltr' id='par_1_6' title="bbox 0 0 1291 4492">
     <span class='ocr_line' id='line_1_35' title="bbox 0 0 1291 4492; baseline 0 0"><span class='ocrx_word' id='word_1_263' title='bbox 0 0 1291 4492; x_wconf 95' lang='lat' dir='ltr'><strong> </strong></span> 
     </span>
    </p>
   </div>
  </div>
 </body>
</html>
