<?xml version="1.0" encoding="UTF-8"?>
<!DOCTYPE html PUBLIC "-//W3C//DTD XHTML 1.0 Transitional//EN"
    "http://www.w3.org/TR/xhtml1/DTD/xhtml1-transitional.dtd">
<html xmlns="http://www.w3.org/1999/xhtml" xml:lang="en" lang="en">
 <head>
  <title>
</title>
<meta http-equiv="Content-Type" content="text/html;charset=utf-8" />
  <meta name='ocr-system' content='tesseract 3.04.00' />
  <meta name='ocr-capabilities' content='ocr_page ocr_carea ocr_par ocr_line ocrx_word'/>
</head>
<body>
  <div class='ocr_page' id='page_1' title='image "./florasuecicaenu00wahlgoog/florasuecicaenu00wahlgoog_0032.png"; bbox 0 0 2550 4492; ppageno 0'>
   <div class='ocr_carea' id='block_1_1' title="bbox 406 248 1147 319">
    <p class='ocr_par' dir='ltr' id='par_1_1' title="bbox 406 248 1147 319">
     <span class='ocr_line' id='line_1_1' title="bbox 406 248 1147 319; baseline 0.003 -24"><span class='ocrx_word' id='word_1_1' title='bbox 406 250 558 295; x_wconf 75' lang='lat' dir='ltr'>rsrro</span> <span class='ocrx_word' id='word_1_2' title='bbox 602 249 784 319; x_wconf 27' lang='lat' dir='ltr'>orr&#39;nrs</span> <span class='ocrx_word' id='word_1_3' title='bbox 1063 248 1147 300; x_wconf 84' lang='lat' dir='ltr'>xxrrr</span> 
     </span>
    </p>
   </div>
   <div class='ocr_carea' id='block_1_2' title="bbox 580 339 586 365">
    <p class='ocr_par' dir='ltr' id='par_1_2' title="bbox 580 339 586 365">
     <span class='ocr_line' id='line_1_2' title="bbox 580 339 586 365; baseline 0 0"><span class='ocrx_word' id='word_1_4' title='bbox 580 339 586 365; x_wconf 90' lang='lat' dir='ltr'>l</span> 
     </span>
    </p>
   </div>
   <div class='ocr_carea' id='block_1_3' title="bbox 73 417 1255 1339">
    <p class='ocr_par' dir='ltr' id='par_1_3' title="bbox 73 417 1255 1037">
     <span class='ocr_line' id='line_1_3' title="bbox 73 417 1242 521; baseline 0.003 -21"><span class='ocrx_word' id='word_1_5' title='bbox 73 438 224 500; x_wconf 72' lang='lat' dir='ltr'>uncinus</span> <span class='ocrx_word' id='word_1_6' title='bbox 254 433 408 510; x_wconf 88' lang='lat' dir='ltr'>nucleus,</span> <span class='ocrx_word' id='word_1_7' title='bbox 433 434 590 518; x_wconf 81' lang='lat' dir='ltr'>(maxime</span> <span class='ocrx_word' id='word_1_8' title='bbox 615 447 648 497; x_wconf 88' lang='lat' dir='ltr'>et</span> <span class='ocrx_word' id='word_1_9' title='bbox 673 435 795 519; x_wconf 84' lang='lat' dir='ltr'>optimu</span> <span class='ocrx_word' id='word_1_10' title='bbox 809 443 901 520; x_wconf 85' lang='lat' dir='ltr'>parte</span> <span class='ocrx_word' id='word_1_11' title='bbox 914 431 1144 521; x_wconf 64' lang='lat' dir='ltr'>vetqmstLi-</span> <span class='ocrx_word' id='word_1_12' title='bbox 1237 417 1242 422; x_wconf 30' lang='lat'><em>⁸</em></span> 
     </span>
     <span class='ocr_line' id='line_1_4' title="bbox 73 534 1187 627; baseline 0.001 -25"><span class='ocrx_word' id='word_1_13' title='bbox 73 536 174 602; x_wconf 77' lang='lat' dir='ltr'>cuibus</span> <span class='ocrx_word' id='word_1_14' title='bbox 199 541 333 623; x_wconf 85' lang='lat' dir='ltr'>optime</span> <span class='ocrx_word' id='word_1_15' title='bbox 358 534 565 600; x_wconf 85' lang='lat' dir='ltr'>scutelliferis</span> <span class='ocrx_word' id='word_1_16' title='bbox 583 537 800 621; x_wconf 89' lang='lat' dir='ltr'>constitutus),</span> <span class='ocrx_word' id='word_1_17' title='bbox 825 537 984 600; x_wconf 78' lang='lat' dir='ltr'>indivisus</span> <span class='ocrx_word' id='word_1_18' title='bbox 1008 550 1041 601; x_wconf 79' lang='lat' dir='ltr'>et</span> <span class='ocrx_word' id='word_1_19' title='bbox 1064 561 1143 627; x_wconf 81' lang='lat' dir='ltr'>qua-</span> <span class='ocrx_word' id='word_1_20' title='bbox 1184 571 1187 577; x_wconf 92' lang='lat'>·</span> 
     </span>
     <span class='ocr_line' id='line_1_5' title="bbox 90 631 1142 728; baseline 0.002 -24"><span class='ocrx_word' id='word_1_21' title='bbox 90 638 303 704; x_wconf 81' lang='lat' dir='ltr'>indivisibilis</span> <span class='ocrx_word' id='word_1_22' title='bbox 335 641 561 723; x_wconf 80' lang='lat' dir='ltr'><strong>permanserit.</strong></span> <span class='ocrx_word' id='word_1_23' title='bbox 620 631 718 704; x_wconf 89' lang='lat' dir='ltr'>Hunc</span> <span class='ocrx_word' id='word_1_24' title='bbox 751 639 838 703; x_wconf 91' lang='lat' dir='ltr'>enim</span> <span class='ocrx_word' id='word_1_25' title='bbox 871 640 986 724; x_wconf 55' lang='lat' dir='ltr'>ipsum,</span> <span class='ocrx_word' id='word_1_26' title='bbox 1008 654 1142 728; x_wconf 85' lang='lat' dir='ltr'>propter</span> 
     </span>
     <span class='ocr_line' id='line_1_6' title="bbox 73 739 1255 829; baseline 0.001 -22"><span class='ocrx_word' id='word_1_27' title='bbox 73 740 272 829; x_wconf 82' lang='lat' dir='ltr'>rplitudiucm</span> <span class='ocrx_word' id='word_1_28' title='bbox 307 762 401 806; x_wconf 86' lang='lat' dir='ltr'>suem</span> <span class='ocrx_word' id='word_1_29' title='bbox 414 802 417 807; x_wconf 90' lang='grc'><em>,</em></span> <span class='ocrx_word' id='word_1_30' title='bbox 432 739 608 827; x_wconf 75' lang='lat' dir='ltr'>dilacerare</span> <span class='ocrx_word' id='word_1_31' title='bbox 642 752 674 804; x_wconf 90' lang='lat' dir='ltr'>et</span> <span class='ocrx_word' id='word_1_32' title='bbox 698 741 919 806; x_wconf 79' lang='lat' dir='ltr'>tantummodo</span> <span class='ocrx_word' id='word_1_33' title='bbox 943 743 979 804; x_wconf 91' lang='lat' dir='ltr'>in</span> <span class='ocrx_word' id='word_1_34' title='bbox 1001 763 1164 808; x_wconf 80' lang='lat' dir='ltr'>sommo·-</span> <span class='ocrx_word' id='word_1_35' title='bbox 1197 812 1201 817; x_wconf 65' lang='grc'><strong>,</strong></span> <span class='ocrx_word' id='word_1_36' title='bbox 1251 764 1255 770; x_wconf 79' lang='grc'>’</span> 
     </span>
     <span class='ocr_line' id='line_1_7' title="bbox 73 841 1142 929; baseline 0.001 -18"><span class='ocrx_word' id='word_1_37' title='bbox 73 864 106 911; x_wconf 80' lang='lat' dir='ltr'>m</span> <span class='ocrx_word' id='word_1_38' title='bbox 131 858 285 925; x_wconf 75' lang='lat' dir='ltr'>nostrum</span> <span class='ocrx_word' id='word_1_39' title='bbox 320 841 465 906; x_wconf 88' lang='lat' dir='ltr'>dividere</span> <span class='ocrx_word' id='word_1_40' title='bbox 495 863 560 906; x_wconf 91' lang='lat' dir='ltr'>non</span> <span class='ocrx_word' id='word_1_41' title='bbox 590 841 685 921; x_wconf 84' lang='lat' dir='ltr'>licet,</span> <span class='ocrx_word' id='word_1_42' title='bbox 718 843 748 906; x_wconf 89' lang='lat' dir='ltr'>si</span> <span class='ocrx_word' id='word_1_43' title='bbox 769 863 885 929; x_wconf 81' lang='lat' dir='ltr'>nempe</span> <span class='ocrx_word' id='word_1_44' title='bbox 908 841 1009 909; x_wconf 81' lang='lat' dir='ltr'>uttan</span> <span class='ocrx_word' id='word_1_45' title='bbox 1034 845 1142 913; x_wconf 84' lang='lat' dir='ltr'>ideam</span> 
     </span>
     <span class='ocr_line' id='line_1_8' title="bbox 73 943 1141 1037; baseline 0.004 -27"><span class='ocrx_word' id='word_1_46' title='bbox 73 968 181 1021; x_wconf 76' lang='lat' dir='ltr'>nerum</span> <span class='ocrx_word' id='word_1_47' title='bbox 207 943 421 1037; x_wconf 72' lang='lat' dir='ltr'>naturalium</span> <span class='ocrx_word' id='word_1_48' title='bbox 450 944 503 1008; x_wconf 55' lang='lat' dir='ltr'>xed</span> <span class='ocrx_word' id='word_1_49' title='bbox 534 965 666 1011; x_wconf 81' lang='lat' dir='ltr'>sensum</span> <span class='ocrx_word' id='word_1_50' title='bbox 697 944 912 1013; x_wconf 81' lang='lat' dir='ltr'>Linnaeanum</span> <span class='ocrx_word' id='word_1_51' title='bbox 945 966 1141 1014; x_wconf 81' lang='lat' dir='ltr'>conservare</span> 
     </span>
    </p>

    <p class='ocr_par' dir='ltr' id='par_1_4' title="bbox 96 1043 1142 1238">
     <span class='ocr_line' id='line_1_9' title="bbox 96 1043 1142 1134; baseline 0.002 -21"><span class='ocrx_word' id='word_1_52' title='bbox 96 1051 101 1066; x_wconf 89' lang='lat'>&#39;</span> <span class='ocrx_word' id='word_1_53' title='bbox 128 1050 214 1133; x_wconf 65' lang='grc' dir='ltr'><strong>ιη’).</strong></span> <span class='ocrx_word' id='word_1_54' title='bbox 242 1084 297 1095; x_wconf 95' lang='grc'>-</span> <span class='ocrx_word' id='word_1_55' title='bbox 321 1047 455 1132; x_wconf 86' lang='lat' dir='ltr'>Fungos</span> <span class='ocrx_word' id='word_1_56' title='bbox 481 1047 622 1134; x_wconf 86' lang='lat' dir='ltr'>denique</span> <span class='ocrx_word' id='word_1_57' title='bbox 645 1047 687 1112; x_wconf 85' lang='lat' dir='ltr'>ed</span> <span class='ocrx_word' id='word_1_58' title='bbox 704 1062 851 1112; x_wconf 79' lang='lat' dir='ltr'>normam</span> <span class='ocrx_word' id='word_1_59' title='bbox 878 1043 992 1112; x_wconf 79' lang='lat' dir='ltr'>eCcl.</span> <span class='ocrx_word' id='word_1_60' title='bbox 1016 1048 1142 1115; x_wconf 80' lang='lat' dir='ltr'>Fries</span> 
     </span>
     <span class='ocr_line' id='line_1_10' title="bbox 96 1146 1139 1238; baseline 0 -22"><span class='ocrx_word' id='word_1_61' title='bbox 96 1150 336 1235; x_wconf 67' lang='lat' dir='ltr'>&#39;systemate</span> <span class='ocrx_word' id='word_1_62' title='bbox 350 1147 623 1234; x_wconf 76' lang='lat' dir='ltr'>Mycologico</span> <span class='ocrx_word' id='word_1_63' title='bbox 638 1151 709 1234; x_wconf 81' lang='lat' dir='ltr'>jam</span> <span class='ocrx_word' id='word_1_64' title='bbox 721 1149 763 1215; x_wconf 81' lang='lat' dir='ltr'>ad</span> <span class='ocrx_word' id='word_1_65' title='bbox 775 1146 873 1215; x_wconf 86' lang='lat' dir='ltr'>finem</span> <span class='ocrx_word' id='word_1_66' title='bbox 889 1169 956 1214; x_wconf 91' lang='lat' dir='ltr'>non</span> <span class='ocrx_word' id='word_1_67' title='bbox 968 1150 1139 1238; x_wconf 84' lang='lat' dir='ltr'>perducto)</span> 
     </span>
    </p>

    <p class='ocr_par' dir='ltr' id='par_1_5' title="bbox 104 1248 1220 1339">
     <span class='ocr_line' id='line_1_11' title="bbox 104 1248 1220 1339; baseline 0.004 -22"><span class='ocrx_word' id='word_1_68' title='bbox 104 1254 109 1269; x_wconf 91' lang='lat'>&#39;</span> <span class='ocrx_word' id='word_1_69' title='bbox 134 1254 279 1325; x_wconf 77' lang='lat' dir='ltr'>cdntnm</span> <span class='ocrx_word' id='word_1_70' title='bbox 307 1248 483 1329; x_wconf 80' lang='lat' dir='ltr'>elaboravi,</span> <span class='ocrx_word' id='word_1_71' title='bbox 508 1253 555 1314; x_wconf 84' lang='lat' dir='ltr'>ita</span> <span class='ocrx_word' id='word_1_72' title='bbox 580 1264 698 1330; x_wconf 75' lang='lat' dir='ltr'>tannen,</span> <span class='ocrx_word' id='word_1_73' title='bbox 719 1264 756 1316; x_wconf 88' lang='lat' dir='ltr'>ut</span> <span class='ocrx_word' id='word_1_74' title='bbox 779 1272 824 1317; x_wconf 85' lang='lat' dir='ltr'>ex</span> <span class='ocrx_word' id='word_1_75' title='bbox 838 1252 962 1338; x_wconf 84' lang='lat' dir='ltr'>Fungis</span> <span class='ocrx_word' id='word_1_76' title='bbox 974 1253 1140 1339; x_wconf 81' lang='lat' dir='ltr'>indigenis</span> <span class='ocrx_word' id='word_1_77' title='bbox 1216 1316 1220 1321; x_wconf 91' lang='lat'>.</span> 
     </span>
    </p>
   </div>
   <div class='ocr_carea' id='block_1_4' title="bbox 105 1352 1138 1450">
    <p class='ocr_par' dir='ltr' id='par_1_6' title="bbox 105 1352 1138 1450">
     <span class='ocr_line' id='line_1_12' title="bbox 105 1352 1138 1450; baseline 0.002 -30"><span class='ocrx_word' id='word_1_78' title='bbox 105 1354 203 1450; x_wconf 75' lang='lat' dir='ltr'>&#39;cubus</span> <span class='ocrx_word' id='word_1_79' title='bbox 240 1356 304 1420; x_wconf 85' lang='lat' dir='ltr'>vix</span> <span class='ocrx_word' id='word_1_80' title='bbox 338 1365 484 1443; x_wconf 79' lang='lat' dir='ltr'>quartem</span> <span class='ocrx_word' id='word_1_81' title='bbox 513 1365 639 1447; x_wconf 83' lang='lat' dir='ltr'>purtem</span> <span class='ocrx_word' id='word_1_82' title='bbox 675 1368 707 1427; x_wconf 79' lang='lat' dir='ltr'>et</span> <span class='ocrx_word' id='word_1_83' title='bbox 740 1374 786 1427; x_wconf 75' lang='lat' dir='ltr'>ex</span> <span class='ocrx_word' id='word_1_84' title='bbox 810 1352 990 1427; x_wconf 86' lang='lat' dir='ltr'>minoribus</span> <span class='ocrx_word' id='word_1_85' title='bbox 1014 1353 1138 1427; x_wconf 87' lang='lat' dir='ltr'>ultimis</span> 
     </span>
    </p>
   </div>
   <div class='ocr_carea' id='block_1_5' title="bbox 73 1628 1260 3888">
    <p class='ocr_par' dir='ltr' id='par_1_7' title="bbox 76 1628 1136 1806">
     <span class='ocr_line' id='line_1_13' title="bbox 76 1628 1136 1719; baseline 0.001 -23"><span class='ocrx_word' id='word_1_86' title='bbox 76 1628 118 1709; x_wconf 66' lang='grc' dir='ltr'>,Ἴ</span> <span class='ocrx_word' id='word_1_87' title='bbox 136 1643 248 1698; x_wconf 88' lang='lat' dir='ltr'>Ceterum</span> <span class='ocrx_word' id='word_1_88' title='bbox 277 1650 388 1701; x_wconf 73' lang='lat' dir='ltr'>rationes</span> <span class='ocrx_word' id='word_1_89' title='bbox 415 1665 495 1719; x_wconf 77' lang='lat' dir='ltr'>genno</span> <span class='ocrx_word' id='word_1_90' title='bbox 516 1635 634 1702; x_wconf 75' lang='lat' dir='ltr'>Liclrenls¹</span> <span class='ocrx_word' id='word_1_91' title='bbox 647 1647 817 1703; x_wconf 80' lang='lat' dir='ltr'>‘conservandi</span> <span class='ocrx_word' id='word_1_92' title='bbox 837 1668 852 1701; x_wconf 81' lang='lat' dir='ltr'>s</span> <span class='ocrx_word' id='word_1_93' title='bbox 870 1648 1022 1719; x_wconf 76' lang='lat' dir='ltr'>geographia</span> <span class='ocrx_word' id='word_1_94' title='bbox 1042 1630 1136 1698; x_wconf 62' lang='lat' dir='ltr'>bonius</span> 
     </span>
     <span class='ocr_line' id='line_1_14' title="bbox 125 1734 1136 1806; baseline 0.004 -25"><span class='ocrx_word' id='word_1_95' title='bbox 125 1734 294 1798; x_wconf 74' lang='lat' dir='ltr'>vegetabilium</span> <span class='ocrx_word' id='word_1_96' title='bbox 316 1737 408 1806; x_wconf 82' lang='lat' dir='ltr'>petitae</span> <span class='ocrx_word' id='word_1_97' title='bbox 431 1737 505 1789; x_wconf 88' lang='lat' dir='ltr'>nobis</span> <span class='ocrx_word' id='word_1_98' title='bbox 529 1738 610 1803; x_wconf 78' lang='lat' dir='ltr'>magis</span> <span class='ocrx_word' id='word_1_99' title='bbox 630 1755 708 1804; x_wconf 87' lang='lat' dir='ltr'>quam</span> <span class='ocrx_word' id='word_1_100' title='bbox 728 1738 783 1789; x_wconf 82' lang='lat' dir='ltr'>eliis</span> <span class='ocrx_word' id='word_1_101' title='bbox 795 1749 894 1805; x_wconf 85' lang='lat' dir='ltr'>praesto</span> <span class='ocrx_word' id='word_1_102' title='bbox 907 1748 984 1787; x_wconf 78' lang='lat' dir='ltr'>eunt·</span> <span class='ocrx_word' id='word_1_103' title='bbox 997 1735 1136 1787; x_wconf 84' lang='lat' dir='ltr'>Summum</span> 
     </span>
    </p>

    <p class='ocr_par' dir='ltr' id='par_1_8' title="bbox 73 1816 1136 2151">
     <span class='ocr_line' id='line_1_15' title="bbox 73 1816 1136 1892; baseline 0.002 -23"><span class='ocrx_word' id='word_1_104' title='bbox 73 1842 75 1847; x_wconf 37' lang='lat' dir='ltr'>v</span> <span class='ocrx_word' id='word_1_105' title='bbox 104 1816 311 1886; x_wconf 83' lang='lat' dir='ltr'>&#39;septentrionem</span> <span class='ocrx_word' id='word_1_106' title='bbox 341 1825 434 1874; x_wconf 90' lang='lat' dir='ltr'>merito</span> <span class='ocrx_word' id='word_1_107' title='bbox 459 1821 601 1876; x_wconf 87' lang='lat' dir='ltr'>Lichenurn</span> <span class='ocrx_word' id='word_1_108' title='bbox 633 1825 714 1890; x_wconf 82' lang='lat' dir='ltr'>magis</span> <span class='ocrx_word' id='word_1_109' title='bbox 741 1841 819 1892; x_wconf 79' lang='lat' dir='ltr'>qriam</span> <span class='ocrx_word' id='word_1_110' title='bbox 849 1839 997 1874; x_wconf 77' lang='lat' dir='ltr'>muccosum</span> <span class='ocrx_word' id='word_1_111' title='bbox 1027 1821 1136 1890; x_wconf 82' lang='lat' dir='ltr'>patriam</span> 
     </span>
     <span class='ocr_line' id='line_1_16' title="bbox 120 1907 1136 1977; baseline -0.001 -19"><span class='ocrx_word' id='word_1_112' title='bbox 120 1920 214 1958; x_wconf 84' lang='lat' dir='ltr'>censent</span> <span class='ocrx_word' id='word_1_113' title='bbox 236 1919 347 1960; x_wconf 59' lang='lat' dir='ltr'>murrae*</span> <span class='ocrx_word' id='word_1_114' title='bbox 365 1911 469 1972; x_wconf 90' lang='lat' dir='ltr'>curiosi,</span> <span class='ocrx_word' id='word_1_115' title='bbox 491 1927 551 1962; x_wconf 89' lang='lat' dir='ltr'>cum</span> <span class='ocrx_word' id='word_1_116' title='bbox 565 1912 601 1961; x_wconf 85' lang='lat' dir='ltr'>ibi</span> <span class='ocrx_word' id='word_1_117' title='bbox 621 1914 714 1962; x_wconf 83' lang='lat' dir='ltr'>teiram</span> <span class='ocrx_word' id='word_1_118' title='bbox 732 1911 884 1977; x_wconf 85' lang='lat' dir='ltr'>granitinam</span> <span class='ocrx_word' id='word_1_119' title='bbox 901 1925 1014 1962; x_wconf 78' lang='lat' dir='ltr'>macram</span> <span class='ocrx_word' id='word_1_120' title='bbox 1029 1907 1136 1959; x_wconf 87' lang='lat' dir='ltr'>omuino</span> 
     </span>
     <span class='ocr_line' id='line_1_17' title="bbox 119 1993 1136 2064; baseline -0.001 -20"><span class='ocrx_word' id='word_1_121' title='bbox 119 2004 197 2057; x_wconf 80' lang='lat' dir='ltr'>tegant</span> <span class='ocrx_word' id='word_1_122' title='bbox 222 2007 248 2047; x_wconf 83' lang='lat' dir='ltr'>et</span> <span class='ocrx_word' id='word_1_123' title='bbox 275 2014 303 2047; x_wconf 88' lang='lat' dir='ltr'>se</span> <span class='ocrx_word' id='word_1_124' title='bbox 333 2013 382 2064; x_wconf 87' lang='lat' dir='ltr'>pro</span> <span class='ocrx_word' id='word_1_125' title='bbox 409 1997 516 2048; x_wconf 83' lang='lat' dir='ltr'>climatis</span> <span class='ocrx_word' id='word_1_126' title='bbox 545 2016 597 2048; x_wconf 90' lang='lat' dir='ltr'>non</span> <span class='ocrx_word' id='word_1_127' title='bbox 621 1998 732 2049; x_wconf 89' lang='lat' dir='ltr'>nimium</span> <span class='ocrx_word' id='word_1_128' title='bbox 755 1998 815 2048; x_wconf 80' lang='lat' dir='ltr'>sicci</span> <span class='ocrx_word' id='word_1_129' title='bbox 834 1997 921 2050; x_wconf 90' lang='lat' dir='ltr'>indole</span> <span class='ocrx_word' id='word_1_130' title='bbox 940 2012 1019 2064; x_wconf 77' lang='lat' dir='ltr'>qrum</span> <span class='ocrx_word' id='word_1_131' title='bbox 1038 1993 1136 2062; x_wconf 85' lang='lat' dir='ltr'>optime</span> 
     </span>
     <span class='ocr_line' id='line_1_18' title="bbox 119 2079 1135 2151; baseline -0.001 -19"><span class='ocrx_word' id='word_1_132' title='bbox 119 2079 257 2144; x_wconf 68' lang='lat' dir='ltr'>regulariter</span> <span class='ocrx_word' id='word_1_133' title='bbox 287 2084 416 2151; x_wconf 78' lang='lat' dir='ltr'>explicent</span> <span class='ocrx_word' id='word_1_134' title='bbox 439 2083 550 2135; x_wconf 75' lang='lat' dir='ltr'>scutellis</span> <span class='ocrx_word' id='word_1_135' title='bbox 577 2085 629 2138; x_wconf 85' lang='lat' dir='ltr'>suis</span> <span class='ocrx_word' id='word_1_136' title='bbox 652 2084 799 2148; x_wconf 82' lang='lat' dir='ltr'>ordinariis,</span> <span class='ocrx_word' id='word_1_137' title='bbox 831 2082 1006 2135; x_wconf 70' lang='lat' dir='ltr'>accedentibus</span> <span class='ocrx_word' id='word_1_138' title='bbox 1036 2091 1135 2135; x_wconf 77' lang='lat' dir='ltr'>tontum</span> 
     </span>
    </p>

    <p class='ocr_par' dir='ltr' id='par_1_9' title="bbox 73 2155 1136 2326">
     <span class='ocr_line' id='line_1_19' title="bbox 73 2155 1136 2248; baseline 0.002 -34"><span class='ocrx_word' id='word_1_139' title='bbox 73 2155 74 2160; x_wconf 33' lang='lat'>¹</span> <span class='ocrx_word' id='word_1_140' title='bbox 119 2166 180 2233; x_wconf 78' lang='lat' dir='ltr'>apud</span> <span class='ocrx_word' id='word_1_141' title='bbox 206 2184 300 2237; x_wconf 84' lang='lat' dir='ltr'>paucos</span> <span class='ocrx_word' id='word_1_142' title='bbox 329 2171 416 2237; x_wconf 87' lang='lat' dir='ltr'>peltis,</span> <span class='ocrx_word' id='word_1_143' title='bbox 448 2170 583 2224; x_wconf 76' lang='lat' dir='ltr'>tuberculis</span> <span class='ocrx_word' id='word_1_144' title='bbox 613 2183 639 2248; x_wconf 77' lang='lat' dir='ltr'>et</span> <span class='ocrx_word' id='word_1_145' title='bbox 659 2171 737 2239; x_wconf 74' lang='lat' dir='ltr'>gyris.</span> <span class='ocrx_word' id='word_1_146' title='bbox 794 2171 854 2242; x_wconf 87' lang='lat' dir='ltr'>Quo</span> <span class='ocrx_word' id='word_1_147' title='bbox 880 2170 962 2235; x_wconf 77' lang='lat' dir='ltr'>ungis</span> <span class='ocrx_word' id='word_1_148' title='bbox 991 2183 1052 2219; x_wconf 83' lang='lat' dir='ltr'>vero</span> <span class='ocrx_word' id='word_1_149' title='bbox 1072 2167 1136 2218; x_wconf 84' lang='lat' dir='ltr'>baec</span> 
     </span>
     <span class='ocr_line' id='line_1_20' title="bbox 121 2253 1135 2326; baseline 0.001 -25"><span class='ocrx_word' id='word_1_150' title='bbox 121 2256 260 2319; x_wconf 70' lang='lat' dir='ltr'>vegetabilis</span> <span class='ocrx_word' id='word_1_151' title='bbox 281 2271 369 2309; x_wconf 76' lang='lat' dir='ltr'>versus</span> <span class='ocrx_word' id='word_1_152' title='bbox 390 2268 467 2306; x_wconf 87' lang='lat' dir='ltr'>terras</span> <span class='ocrx_word' id='word_1_153' title='bbox 486 2255 664 2308; x_wconf 81' lang='lat' dir='ltr'>merirlioneles</span> <span class='ocrx_word' id='word_1_154' title='bbox 685 2253 834 2326; x_wconf 82' lang='lat' dir='ltr'>procedunt,</span> <span class='ocrx_word' id='word_1_155' title='bbox 855 2273 888 2308; x_wconf 88' lang='lat' dir='ltr'>eo</span> <span class='ocrx_word' id='word_1_156' title='bbox 909 2255 1007 2323; x_wconf 84' lang='lat' dir='ltr'>saepius</span> <span class='ocrx_word' id='word_1_157' title='bbox 1026 2253 1054 2303; x_wconf 85' lang='lat' dir='ltr'>in</span> <span class='ocrx_word' id='word_1_158' title='bbox 1074 2269 1135 2303; x_wconf 90' lang='lat' dir='ltr'>cor-</span> 
     </span>
    </p>

    <p class='ocr_par' dir='ltr' id='par_1_10' title="bbox 83 2339 1260 3888">
     <span class='ocr_line' id='line_1_21' title="bbox 83 2339 1260 2408; baseline -0.002 -16"><span class='ocrx_word' id='word_1_159' title='bbox 83 2372 89 2383; x_wconf 71' lang='lat'><em>‹</em></span> <span class='ocrx_word' id='word_1_160' title='bbox 120 2339 175 2392; x_wconf 68' lang='lat' dir='ltr'>dee</span> <span class='ocrx_word' id='word_1_161' title='bbox 201 2342 324 2394; x_wconf 79' lang='lat' dir='ltr'>arborum</span> <span class='ocrx_word' id='word_1_162' title='bbox 348 2342 499 2395; x_wconf 78' lang='lat' dir='ltr'>adscendere</span> <span class='ocrx_word' id='word_1_163' title='bbox 525 2345 566 2394; x_wconf 85' lang='lat' dir='ltr'>rel</span> <span class='ocrx_word' id='word_1_164' title='bbox 590 2345 668 2395; x_wconf 88' lang='lat' dir='ltr'>etiam</span> <span class='ocrx_word' id='word_1_165' title='bbox 689 2344 722 2395; x_wconf 85' lang='lat' dir='ltr'>ed</span> <span class='ocrx_word' id='word_1_166' title='bbox 739 2358 832 2394; x_wconf 81' lang='lat' dir='ltr'>terram</span> <span class='ocrx_word' id='word_1_167' title='bbox 852 2359 930 2408; x_wconf 81' lang='lat' dir='ltr'>quam</span> <span class='ocrx_word' id='word_1_168' title='bbox 949 2340 1061 2391; x_wconf 86' lang='lat' dir='ltr'>maxime</span> <span class='ocrx_word' id='word_1_169' title='bbox 1082 2339 1134 2393; x_wconf 82' lang='lat' dir='ltr'>bu·-</span> <span class='ocrx_word' id='word_1_170' title='bbox 1217 2369 1221 2376; x_wconf 90' lang='lat'><em>·</em></span> <span class='ocrx_word' id='word_1_171' title='bbox 1256 2356 1260 2363; x_wconf 94' lang='lat'>·</span> 
     </span>
     <span class='ocr_line' id='line_1_22' title="bbox 118 2425 1133 2495; baseline -0.005 -13"><span class='ocrx_word' id='word_1_172' title='bbox 118 2437 244 2482; x_wconf 79' lang='lat' dir='ltr'>meetatam</span> <span class='ocrx_word' id='word_1_173' title='bbox 265 2446 293 2478; x_wconf 88' lang='lat' dir='ltr'>se</span> <span class='ocrx_word' id='word_1_174' title='bbox 315 2429 469 2482; x_wconf 75' lang='lat' dir='ltr'>abscondere</span> <span class='ocrx_word' id='word_1_175' title='bbox 489 2442 624 2495; x_wconf 83' lang='lat' dir='ltr'>coguntur,</span> <span class='ocrx_word' id='word_1_176' title='bbox 645 2442 669 2479; x_wconf 85' lang='lat' dir='ltr'>et</span> <span class='ocrx_word' id='word_1_177' title='bbox 688 2431 770 2481; x_wconf 86' lang='lat' dir='ltr'>nihilo</span> <span class='ocrx_word' id='word_1_178' title='bbox 789 2442 875 2479; x_wconf 81' lang='lat' dir='ltr'>tamen</span> <span class='ocrx_word' id='word_1_179' title='bbox 894 2428 980 2479; x_wconf 77' lang='lat' dir='ltr'>minus</span> <span class='ocrx_word' id='word_1_180' title='bbox 994 2426 1073 2476; x_wconf 78' lang='lat' dir='ltr'>clima</span> <span class='ocrx_word' id='word_1_181' title='bbox 1088 2425 1133 2477; x_wconf 87' lang='lat' dir='ltr'>ni-</span> 
     </span>
     <span class='ocr_line' id='line_1_23' title="bbox 122 2502 1180 2584; baseline 0.001 -21"><span class='ocrx_word' id='word_1_182' title='bbox 122 2510 198 2563; x_wconf 82' lang='lat' dir='ltr'>mium</span> <span class='ocrx_word' id='word_1_183' title='bbox 223 2517 323 2566; x_wconf 86' lang='lat' dir='ltr'>siccum</span> <span class='ocrx_word' id='word_1_184' title='bbox 349 2516 386 2566; x_wconf 92' lang='lat' dir='ltr'>ibi</span> <span class='ocrx_word' id='word_1_185' title='bbox 415 2533 514 2584; x_wconf 61' lang='lat' dir='ltr'>qnoque</span> <span class='ocrx_word' id='word_1_186' title='bbox 536 2516 711 2567; x_wconf 84' lang='lat' dir='ltr'>difformitatee</span> <span class='ocrx_word' id='word_1_187' title='bbox 733 2515 873 2567; x_wconf 85' lang='lat' dir='ltr'>admodum</span> <span class='ocrx_word' id='word_1_188' title='bbox 891 2514 972 2566; x_wconf 79' lang='lat' dir='ltr'>varias</span> <span class='ocrx_word' id='word_1_189' title='bbox 993 2502 1139 2580; x_wconf 67' lang='lat' dir='ltr'>extorquetf</span> <span class='ocrx_word' id='word_1_190' title='bbox 1177 2562 1180 2575; x_wconf 77' lang='grc'><strong>,</strong></span> 
     </span>
     <span class='ocr_line' id='line_1_24' title="bbox 123 2599 1133 2668; baseline 0 -20"><span class='ocrx_word' id='word_1_191' title='bbox 123 2600 158 2649; x_wconf 78' lang='lat' dir='ltr'>lta</span> <span class='ocrx_word' id='word_1_192' title='bbox 177 2602 288 2652; x_wconf 84' lang='lat' dir='ltr'>oriuntur</span> <span class='ocrx_word' id='word_1_193' title='bbox 314 2619 367 2653; x_wconf 90' lang='lat' dir='ltr'>non</span> <span class='ocrx_word' id='word_1_194' title='bbox 394 2612 493 2653; x_wconf 86' lang='lat' dir='ltr'>tantum</span> <span class='ocrx_word' id='word_1_195' title='bbox 520 2603 722 2654; x_wconf 80' lang='lat' dir='ltr'>fructificationes</span> <span class='ocrx_word' id='word_1_196' title='bbox 748 2619 825 2668; x_wconf 81' lang='lat' dir='ltr'>quum</span> <span class='ocrx_word' id='word_1_197' title='bbox 850 2604 962 2654; x_wconf 83' lang='lat' dir='ltr'>maxime</span> <span class='ocrx_word' id='word_1_198' title='bbox 994 2599 1133 2650; x_wconf 77' lang='lat' dir='ltr'>oberrantes</span> 
     </span>
     <span class='ocr_line' id='line_1_25' title="bbox 129 2683 1132 2763; baseline -0.004 -23"><span class='ocrx_word' id='word_1_199' title='bbox 129 2683 347 2760; x_wconf 60' lang='lat' dir='ltr'>inpolitum,</span> <span class='ocrx_word' id='word_1_200' title='bbox 366 2687 555 2757; x_wconf 74' lang='lat' dir='ltr'>Glyphidarum</span> <span class='ocrx_word' id='word_1_201' title='bbox 574 2703 621 2741; x_wconf 89' lang='lat' dir='ltr'>etc.</span> <span class='ocrx_word' id='word_1_202' title='bbox 643 2688 824 2763; x_wconf 54' lang='lat' dir='ltr'>iu&#39;corticibus</span> <span class='ocrx_word' id='word_1_203' title='bbox 841 2690 962 2740; x_wconf 81' lang='lat' dir='ltr'>arborum</span> <span class='ocrx_word' id='word_1_204' title='bbox 975 2699 1062 2749; x_wconf 81' lang='lat' dir='ltr'>natac,</span> <span class='ocrx_word' id='word_1_205' title='bbox 1085 2703 1132 2736; x_wconf 80' lang='lat' dir='ltr'>vc-</span> 
     </span>
     <span class='ocr_line' id='line_1_26' title="bbox 129 2764 1188 2842; baseline -0.008 -15"><span class='ocrx_word' id='word_1_206' title='bbox 129 2786 181 2820; x_wconf 72' lang='lat' dir='ltr'>mm</span> <span class='ocrx_word' id='word_1_207' title='bbox 200 2770 268 2827; x_wconf 72' lang='lat' dir='ltr'>ct’um</span> <span class='ocrx_word' id='word_1_208' title='bbox 289 2764 556 2842; x_wconf 60' lang='lat' dir='ltr'>expansionesquam</span> <span class='ocrx_word' id='word_1_209' title='bbox 576 2776 688 2828; x_wconf 78' lang='lat' dir='ltr'>maxime</span> <span class='ocrx_word' id='word_1_210' title='bbox 708 2777 858 2842; x_wconf 81' lang='lat' dir='ltr'>gelatinosae</span> <span class='ocrx_word' id='word_1_211' title='bbox 879 2776 1065 2833; x_wconf 85' lang='lat' dir='ltr'>Collematum‚</span> <span class='ocrx_word' id='word_1_212' title='bbox 1085 2788 1133 2821; x_wconf 83' lang='lat' dir='ltr'>re·</span> <span class='ocrx_word' id='word_1_213' title='bbox 1183 2774 1188 2785; x_wconf 66' lang='lat'>⁸</span> 
     </span>
     <span class='ocr_line' id='line_1_27' title="bbox 120 2842 1132 2930; baseline -0.006 -18"><span class='ocrx_word' id='word_1_214' title='bbox 120 2857 227 2914; x_wconf 59' lang='lat' dir='ltr'>titulosae</span> <span class='ocrx_word' id='word_1_215' title='bbox 250 2862 392 2914; x_wconf 84' lang='lat' dir='ltr'>Stictamm</span> <span class='ocrx_word' id='word_1_216' title='bbox 412 2876 459 2914; x_wconf 88' lang='lat' dir='ltr'>etc.</span> <span class='ocrx_word' id='word_1_217' title='bbox 481 2862 515 2912; x_wconf 83' lang='lat' dir='ltr'>ad</span> <span class='ocrx_word' id='word_1_218' title='bbox 537 2876 645 2926; x_wconf 81' lang='lat' dir='ltr'>terrem,</span> <span class='ocrx_word' id='word_1_219' title='bbox 677 2842 764 2914; x_wconf 77' lang='lat' dir='ltr'>nostro</span> <span class='ocrx_word' id='word_1_220' title='bbox 784 2860 947 2930; x_wconf 83' lang='lat' dir='ltr'>septentrioni</span> <span class='ocrx_word' id='word_1_221' title='bbox 966 2861 1007 2908; x_wconf 82' lang='lat' dir='ltr'>vel</span> <span class='ocrx_word' id='word_1_222' title='bbox 1025 2857 1132 2908; x_wconf 88' lang='lat' dir='ltr'>omuino</span> 
     </span>
     <span class='ocr_line' id='line_1_28' title="bbox 120 2945 1131 3016; baseline -0.001 -22"><span class='ocrx_word' id='word_1_223' title='bbox 120 2947 153 2997; x_wconf 85' lang='lat' dir='ltr'>rel</span> <span class='ocrx_word' id='word_1_224' title='bbox 178 2948 230 3000; x_wconf 81' lang='lat' dir='ltr'>iere</span> <span class='ocrx_word' id='word_1_225' title='bbox 256 2949 414 3016; x_wconf 80' lang='lat' dir='ltr'>peregrinae.</span> <span class='ocrx_word' id='word_1_226' title='bbox 459 2949 502 3001; x_wconf 90' lang='lat' dir='ltr'>Ob</span> <span class='ocrx_word' id='word_1_227' title='bbox 528 2949 574 2999; x_wconf 84' lang='lat' dir='ltr'>bas</span> <span class='ocrx_word' id='word_1_228' title='bbox 600 2950 694 3006; x_wconf 82' lang='lat' dir='ltr'>formas</span> <span class='ocrx_word' id='word_1_229' title='bbox 712 2948 821 3000; x_wconf 81' lang='lat' dir='ltr'>diversas</span> <span class='ocrx_word' id='word_1_230' title='bbox 841 2947 954 2999; x_wconf 84' lang='lat' dir='ltr'>Botanici</span> <span class='ocrx_word' id='word_1_231' title='bbox 974 2945 1131 2996; x_wconf 86' lang='lat' dir='ltr'>australioree</span> 
     </span>
     <span class='ocr_line' id='line_1_29' title="bbox 117 3032 1130 3104; baseline -0.002 -20"><span class='ocrx_word' id='word_1_232' title='bbox 117 3046 186 3097; x_wconf 80' lang='lat' dir='ltr'>genus</span> <span class='ocrx_word' id='word_1_233' title='bbox 206 3036 329 3087; x_wconf 89' lang='lat' dir='ltr'>Lichenis</span> <span class='ocrx_word' id='word_1_234' title='bbox 358 3050 460 3102; x_wconf 84' lang='lat' dir='ltr'>quoque</span> <span class='ocrx_word' id='word_1_235' title='bbox 477 3035 559 3101; x_wconf 83' lang='lat' dir='ltr'>magis</span> <span class='ocrx_word' id='word_1_236' title='bbox 577 3033 697 3086; x_wconf 86' lang='lat' dir='ltr'>dirimere</span> <span class='ocrx_word' id='word_1_237' title='bbox 714 3046 832 3103; x_wconf 60' lang='lat' dir='ltr'>pessumi</span> <span class='ocrx_word' id='word_1_238' title='bbox 860 3034 888 3084; x_wconf 90' lang='lat' dir='ltr'>in</span> <span class='ocrx_word' id='word_1_239' title='bbox 903 3032 1071 3104; x_wconf 77' lang='lat' dir='ltr'>septentrione</span> <span class='ocrx_word' id='word_1_240' title='bbox 1082 3050 1130 3082; x_wconf 81' lang='lat' dir='ltr'>au·</span> 
     </span>
     <span class='ocr_line' id='line_1_30' title="bbox 115 3118 1131 3192; baseline -0.004 -20"><span class='ocrx_word' id='word_1_241' title='bbox 115 3129 162 3172; x_wconf 83' lang='lat' dir='ltr'>tctn</span> <span class='ocrx_word' id='word_1_242' title='bbox 188 3136 293 3173; x_wconf 83' lang='lat' dir='ltr'>summo</span> <span class='ocrx_word' id='word_1_243' title='bbox 322 3118 374 3184; x_wconf 81' lang='lat' dir='ltr'>cius</span> <span class='ocrx_word' id='word_1_244' title='bbox 403 3121 536 3187; x_wconf 79' lang='lat' dir='ltr'>originaria</span> <span class='ocrx_word' id='word_1_245' title='bbox 565 3120 692 3188; x_wconf 81' lang='lat' dir='ltr'>integritas</span> <span class='ocrx_word' id='word_1_246' title='bbox 716 3121 801 3188; x_wconf 87' lang='lat' dir='ltr'>potius</span> <span class='ocrx_word' id='word_1_247' title='bbox 824 3120 954 3192; x_wconf 76' lang='lat' dir='ltr'>servanda.</span> <span class='ocrx_word' id='word_1_248' title='bbox 995 3119 1060 3171; x_wconf 84' lang='lat' dir='ltr'>Fere</span> <span class='ocrx_word' id='word_1_249' title='bbox 1083 3136 1131 3168; x_wconf 84' lang='lat' dir='ltr'>eo·</span> 
     </span>
     <span class='ocr_line' id='line_1_31' title="bbox 116 3203 1131 3276; baseline -0.004 -18"><span class='ocrx_word' id='word_1_250' title='bbox 116 3204 169 3258; x_wconf 67' lang='lat' dir='ltr'>dem</span> <span class='ocrx_word' id='word_1_251' title='bbox 188 3209 270 3261; x_wconf 87' lang='lat' dir='ltr'>modo</span> <span class='ocrx_word' id='word_1_252' title='bbox 290 3208 393 3273; x_wconf 81' lang='lat' dir='ltr'>fungilli</span> <span class='ocrx_word' id='word_1_253' title='bbox 416 3210 542 3276; x_wconf 80' lang='lat' dir='ltr'>parasitici</span> <span class='ocrx_word' id='word_1_254' title='bbox 563 3209 590 3260; x_wconf 91' lang='lat' dir='ltr'>in</span> <span class='ocrx_word' id='word_1_255' title='bbox 609 3209 684 3259; x_wconf 80' lang='lat' dir='ltr'>variis</span> <span class='ocrx_word' id='word_1_256' title='bbox 705 3204 848 3260; x_wconf 80' lang='lat' dir='ltr'>climatibus</span> <span class='ocrx_word' id='word_1_257' title='bbox 866 3225 894 3258; x_wconf 83' lang='lat' dir='ltr'>re</span> <span class='ocrx_word' id='word_1_258' title='bbox 913 3207 1016 3257; x_wconf 85' lang='lat' dir='ltr'>habent.</span> <span class='ocrx_word' id='word_1_259' title='bbox 1054 3203 1131 3257; x_wconf 74' lang='lat' dir='ltr'>Conf-</span> 
     </span>
     <span class='ocr_line' id='line_1_32' title="bbox 116 3291 1128 3365; baseline -0.003 -22"><span class='ocrx_word' id='word_1_260' title='bbox 116 3291 206 3346; x_wconf 83' lang='lat' dir='ltr'>Frics</span> <span class='ocrx_word' id='word_1_261' title='bbox 232 3297 343 3365; x_wconf 86' lang='lat' dir='ltr'>plant.</span> <span class='ocrx_word' id='word_1_262' title='bbox 361 3293 548 3346; x_wconf 82' lang='lat' dir='ltr'>homonem.</span> <span class='ocrx_word' id='word_1_263' title='bbox 574 3313 602 3363; x_wconf 83' lang='lat' dir='ltr'>p.</span> <span class='ocrx_word' id='word_1_264' title='bbox 622 3304 769 3360; x_wconf 72' lang='lat' dir='ltr'>syo-not.</span> <span class='ocrx_word' id='word_1_265' title='bbox 789 3304 861 3362; x_wconf 85' lang='lat' dir='ltr'>etp.</span> <span class='ocrx_word' id='word_1_266' title='bbox 881 3293 967 3357; x_wconf 68' lang='lat'>203„</span> <span class='ocrx_word' id='word_1_267' title='bbox 995 3306 1073 3358; x_wconf 83' lang='lat' dir='ltr'>quern</span> <span class='ocrx_word' id='word_1_268' title='bbox 1092 3291 1128 3362; x_wconf 82' lang='lat' dir='ltr'>li</span> 
     </span>
     <span class='ocr_line' id='line_1_33' title="bbox 114 3377 1234 3452; baseline -0.002 -23"><span class='ocrx_word' id='word_1_269' title='bbox 114 3377 182 3432; x_wconf 78' lang='lat' dir='ltr'>brnen</span> <span class='ocrx_word' id='word_1_270' title='bbox 216 3393 277 3452; x_wconf 87' lang='lat' dir='ltr'>post</span> <span class='ocrx_word' id='word_1_271' title='bbox 306 3382 499 3447; x_wconf 87' lang='lat' dir='ltr'>impressionem</span> <span class='ocrx_word' id='word_1_272' title='bbox 528 3381 604 3432; x_wconf 85' lang='lat' dir='ltr'>totius</span> <span class='ocrx_word' id='word_1_273' title='bbox 630 3380 713 3450; x_wconf 87' lang='lat' dir='ltr'>operis</span> <span class='ocrx_word' id='word_1_274' title='bbox 740 3392 873 3449; x_wconf 78' lang='lat' dir='ltr'>acceptum</span> <span class='ocrx_word' id='word_1_275' title='bbox 898 3379 925 3430; x_wconf 90' lang='lat' dir='ltr'>in</span> <span class='ocrx_word' id='word_1_276' title='bbox 944 3394 1020 3431; x_wconf 87' lang='lat' dir='ltr'>nsum</span> <span class='ocrx_word' id='word_1_277' title='bbox 1039 3389 1128 3428; x_wconf 86' lang='lat' dir='ltr'>meum</span> <span class='ocrx_word' id='word_1_278' title='bbox 1229 3400 1234 3408; x_wconf 58' lang='lat'><em>2</em></span> 
     </span>
     <span class='ocr_line' id='line_1_34' title="bbox 115 3464 1130 3534; baseline -0.009 -14"><span class='ocrx_word' id='word_1_279' title='bbox 115 3481 202 3520; x_wconf 77' lang='lat' dir='ltr'>vertere</span> <span class='ocrx_word' id='word_1_280' title='bbox 228 3487 284 3521; x_wconf 92' lang='lat' dir='ltr'>non</span> <span class='ocrx_word' id='word_1_281' title='bbox 314 3467 402 3534; x_wconf 87' lang='lat' dir='ltr'>potui;</span> <span class='ocrx_word' id='word_1_282' title='bbox 431 3487 479 3520; x_wconf 88' lang='lat' dir='ltr'>nec</span> <span class='ocrx_word' id='word_1_283' title='bbox 505 3467 587 3520; x_wconf 84' lang='lat' dir='ltr'>adhuc</span> <span class='ocrx_word' id='word_1_284' title='bbox 611 3468 677 3521; x_wconf 84' lang='lat' dir='ltr'>milri</span> <span class='ocrx_word' id='word_1_285' title='bbox 697 3478 955 3533; x_wconf 69' lang='lat' dir='ltr'>conscat‚·qrratenus</span> <span class='ocrx_word' id='word_1_286' title='bbox 975 3464 1130 3515; x_wconf 81' lang='lat' dir='ltr'>characteres</span> 
     </span>
     <span class='ocr_line' id='line_1_35' title="bbox 116 3544 1179 3625; baseline -0.008 -18"><span class='ocrx_word' id='word_1_287' title='bbox 116 3544 369 3625; x_wconf 72' lang='lat' dir='ltr'>omphyiiotogicos</span> <span class='ocrx_word' id='word_1_288' title='bbox 388 3570 465 3622; x_wconf 86' lang='lat' dir='ltr'>qnam</span> <span class='ocrx_word' id='word_1_289' title='bbox 485 3555 603 3608; x_wconf 84' lang='lat' dir='ltr'>nucleum</span> <span class='ocrx_word' id='word_1_290' title='bbox 634 3551 663 3621; x_wconf 75' lang='lat' dir='ltr'>r)</span> <span class='ocrx_word' id='word_1_291' title='bbox 684 3553 947 3621; x_wconf 75' lang='lat' dir='ltr'>persistentem,</span> <span class='ocrx_word' id='word_1_292' title='bbox 979 3547 1126 3614; x_wconf 71' lang='lat' dir='ltr'>alsoln-</span> <span class='ocrx_word' id='word_1_293' title='bbox 1173 3564 1179 3577; x_wconf 69' lang='grc'><em>“</em></span> 
     </span>
     <span class='ocr_line' id='line_1_36' title="bbox 115 3631 1125 3716; baseline 0.002 -27"><span class='ocrx_word' id='word_1_294' title='bbox 115 3631 223 3708; x_wconf 84' lang='lat' dir='ltr'>bilem,</span> <span class='ocrx_word' id='word_1_295' title='bbox 254 3637 287 3706; x_wconf 79' lang='grc'>5)</span> <span class='ocrx_word' id='word_1_296' title='bbox 307 3639 590 3716; x_wconf 75' lang='lat' dir='ltr'>indurescentem</span> <span class='ocrx_word' id='word_1_297' title='bbox 609 3652 634 3692; x_wconf 85' lang='lat' dir='ltr'>ct</span> <span class='ocrx_word' id='word_1_298' title='bbox 654 3637 848 3706; x_wconf 84' lang='lat' dir='ltr'>4)solntum</span> <span class='ocrx_word' id='word_1_299' title='bbox 870 3637 1040 3708; x_wconf 76' lang='lat' dir='ltr'>adprimatia</span> <span class='ocrx_word' id='word_1_300' title='bbox 1062 3635 1125 3690; x_wconf 65' lang='grc' dir='ltr'>ιώ·-</span> 
     </span>
     <span class='ocr_line' id='line_1_37' title="bbox 115 3716 1125 3794; baseline 0.001 -18"><span class='ocrx_word' id='word_1_301' title='bbox 115 3725 239 3791; x_wconf 80' lang='lat' dir='ltr'>dirisionee</span> <span class='ocrx_word' id='word_1_302' title='bbox 269 3722 398 3792; x_wconf 79' lang='lat' dir='ltr'>Atgnnm</span> <span class='ocrx_word' id='word_1_303' title='bbox 423 3716 578 3780; x_wconf 80' lang='lat' dir='ltr'>terrestrium</span> <span class='ocrx_word' id='word_1_304' title='bbox 601 3726 762 3780; x_wconf 72' lang='lat' dir='ltr'>stabiliendas</span> <span class='ocrx_word' id='word_1_305' title='bbox 793 3723 912 3778; x_wconf 81' lang='lat' dir='ltr'>adhibere</span> <span class='ocrx_word' id='word_1_306' title='bbox 941 3724 1067 3794; x_wconf 62' lang='lat' dir='ltr'>possimus</span> <span class='ocrx_word' id='word_1_307' title='bbox 1097 3720 1125 3784; x_wconf 69' lang='lat' dir='ltr'>lt}</span> 
     </span>
     <span class='ocr_line' id='line_1_38' title="bbox 115 3811 917 3888; baseline -0.001 -23"><span class='ocrx_word' id='word_1_308' title='bbox 115 3813 169 3868; x_wconf 84' lang='lat' dir='ltr'>libte</span> <span class='ocrx_word' id='word_1_309' title='bbox 189 3814 385 3872; x_wconf 79' lang='lat' dir='ltr'>excursionibus</span> <span class='ocrx_word' id='word_1_310' title='bbox 404 3827 504 3870; x_wconf 72' lang='lat' dir='ltr'>notin-se</span> <span class='ocrx_word' id='word_1_311' title='bbox 524 3815 608 3867; x_wconf 85' lang='lat' dir='ltr'>minus</span> <span class='ocrx_word' id='word_1_312' title='bbox 628 3814 770 3888; x_wconf 72' lang='lat' dir='ltr'>peritorum</span> <span class='ocrx_word' id='word_1_313' title='bbox 785 3811 917 3868; x_wconf 84' lang='lat' dir='ltr'>destinato.</span> 
     </span>
    </p>
   </div>
   <div class='ocr_carea' id='block_1_6' title="bbox 0 0 1280 4492">
    <p class='ocr_par' dir='ltr' id='par_1_11' title="bbox 0 0 1280 4492">
     <span class='ocr_line' id='line_1_39' title="bbox 0 0 1280 4492; baseline 0 4"><span class='ocrx_word' id='word_1_314' title='bbox 0 0 1280 4492; x_wconf 95' lang='lat' dir='ltr'> </span> 
     </span>
    </p>
   </div>
  </div>
 </body>
</html>
