2550 4492
312 246 646 298 cossrrcruu
699 248 854 294 arsur
1080 252 1149 301 xm

1028 373 1049 406 α

132 436 216 503 loeis
252 433 417 521 lapidosis
451 431 641 498 elatioribus
667 432 831 501 Galinm
856 420 1064 515 insistite,
1095 437 1145 503 lo-

94 557 213 607 amom.
232 537 367 607 limosis
393 559 510 601 versus
532 536 630 601 litora
651 542 749 602 maris
774 539 1045 605 llanunoulus
1074 541 1147 605 he-

110 661 241 709 utens.
313 638 389 717 Quo
415 643 531 726 ,magis
570 639 695 704 Soaniae
735 641 789 707 vel
821 647 931 727 potius
963 647 1146 730 angustiori

89 738 100 811 '.
111 745 332 832 transgressui
356 755 527 808 ventorum
565 745 650 807 inter
679 747 785 810 sinum
810 746 996 830 Lagensem
1027 760 1059 809 et
1084 746 1144 809 flu·

83 854 87 861 '
122 843 255 934 Helgeir
281 848 437 932 propior,
468 866 508 908 eo
540 847 638 908 etiam
660 848 766 931 magis
790 847 967 933 singularis
991 850 1064 930 ejus
1088 871 1144 912 vo·

101 954 142 1015 ''o
182 951 372 1036 generatim
405 948 524 1010 evadit.
585 946 739 1012 Ceterum
776 971 879 1034 prope
912 946 1062 1014 Scaniam
1094 952 1145 1014 in-

74 1054 78 1059 ’
100 1056 159 1118 'tur
181 1050 338 1117 Solaui
359 1051 473 1135 nigri
495 1070 580 1112 varr.
603 1048 712 1114 baoois
736 1051 889 1115 eoloratis
913 1064 946 1114 et
967 1050 1144 1138 Mespili

88 1155 302 1223 toneastri
333 1174 420 1224 varr-
448 1150 668 1216 discoloribus
699 1173 760 1215 neo
787 1174 854 1217 non
891 1153 968 1218 Gei
992 1154 1145 1219 urbani
1178 1190 1184 1207 ι

100 1254 325 1332 mationibus,
354 1277 437 1341 quae
452 1253 550 1336 hujus
577 1275 654 1317 orae
678 1257 821 1319 maximo
847 1256 1056 1321 occidentalis
1081 1278 1143 1321 ex·

82 1364 93 1381 '
131 1356 358 1448 prooessubus
384 1355 628 1433 adscribendae,
661 1357 702 1421 ad
727 1379 807 1444 quas
829 1359 1045 1443 proprietates
1073 1359 1142 1422 sor-

95 1467 210 1527 onam
242 1461 350 1543 major
376 1462 470 1544 eopia
498 1469 532 1522 et
558 1460 730 1523 saturatior
754 1457 846 1524 color
868 1448 1016 1525 l'anici
1041 1481 1140 1527 san·

125 1566 207 1630 alis
233 1563 391 1649 pertinet.

100 1668 294 1747 ¹dormis,
336 1664 492 1752 angulum
524 1658 770 1730 meridionalem
798 1667 893 1752 regni
920 1667 1141 1745 constituens,

106 1774 108 1779 ’
151 1771 243 1851 omni
272 1786 374 1832 sensu
399 1781 433 1832 et
456 1764 687 1853 quadrilatera
700 1780 734 1833 et
757 1769 980 1858 quadrangula
1007 1772 1140 1854 provin·

129 1870 166 1936 ab
176 1872 284 1941 omni
315 1890 373 1932 ora
402 1871 480 1956 qnid
505 1871 668 1953 recipiens
691 1869 746 1936 vel
773 1873 942 1949 emittens,
976 1872 1141 1937 censenda

136 1972 183 2039 dd
208 1969 369 2058 angulum
399 1993 494 2037 suum
522 1972 738 2036 occidentali·
747 1973 1033 2058 septentrionalem
1059 1972 1142 2038 Hal·

114 2075 119 2091 '
174 2078 255 2140 satis
286 2072 405 2138 similis
439 2093 514 2138 esse
548 2076 720 2158 reperitur.
772 2075 853 2141 Pars
884 2098 963 2140 voro
990 2077 1141 2151 occidero,

135 2174 320 2269 eridionalis
342 2178 487 2240 omnium
505 2177 649 2239 maxime
671 2175 769 2262 plana
785 2176 968 2265 fertilisque
992 2177 1155 2263 Crepi··

110 2275 257 2358 lierni,
286 2276 476 2343 Trifolio
505 2281 659 2342 striato
687 2293 749 2342 eto.
771 2283 946 2366 insignata,
970 2281 1140 2344 itatamen

102 2386 227 2447 exunat,
240 2382 336 2466 regio
362 2382 500 2444 interior
526 2381 612 2443 cirea
635 2378 814 2465 Skabersjii
831 2395 862 2444 et
877 2380 1006 2445 Rosliitt
1024 2384 1141 2447 mirum

61 2496 327 2550 nenoromontosa
352 2468 460 2548 Acer
484 2496 719 2567 oanrpestre
742 2498 775 2547 et
795 2483 1034 2570 Filaginem
1051 2506 1140 2573 ger·

61 2587 217 2653 nauteam
240 2587 380 2662 fovens,
415 2599 558 2649 ceterum
581 2584 755 2668 paludibus
781 2586 1044 2670 profrmdissimis
1067 2591 1138 2653 fere

61 2678 222 2763 Boanum
250 2700 425 2753 excavata.
478 2685 629 2773 Angulus
654 2688 1063 2767 meridionali-orientalis,
1090 2693 1139 2754 sie

61 2798 190 2857 noun
211 2790 297 2859 latus
324 2787 483 2854 orientale
510 2803 544 2855 et
567 2793 761 2874 praesertim
791 2793 883 2856 sinus
917 2795 1003 2854 inter
1030 2795 1138 2876 ipsum

61 2888 310 2982 tBlelringiam‚
348 2891 513 2980 montibus
547 2895 617 2957 suis
651 2914 771 2957 arenae
800 2893 946 2958 volatilis
979 2905 1139 2978 utsupra

61 2994 100 3061 ixi
128 2999 274 3083 inprimis
310 2998 442 3060 eminet.
500 2994 590 3059 Intra
623 2991 684 3058 hos
717 2995 811 3059 adest
840 2998 932 3112 regio
958 2995 1138 3060 hincinde

61 3099 104 3165 ire
137 3101 329 3185 campestris
366 3111 398 3162 et
429 3097 534 3162 calida
571 3098 679 3159 ventis
712 3101 817 3181 magis
849 3113 1004 3184 exempta
1029 3113 1061 3162 et
1086 3120 1139 3162 ca·

61 3222 92 3266 re
119 3203 201 3266 solis
228 3201 348 3266 melius
374 3201 487 3264 fruens
511 3201 623 3264 forsan
647 3220 742 3285 quam
765 3199 833 3267 ulla
859 3200 924 3264 alia
950 3204 1149 3286 provincias

61 3324 127 3392 tque
149 3304 276 3392 plantis
301 3300 550 3366 australioribus
574 3303 686 3365 forsan
709 3296 896 3368 adventitiis
916 3323 974 3365 ex.
992 3324 1042 3388 gr0
1063 3303 1137 3367 Al-

61 3410 109 3473 'me
143 3412 347 3484 viscosa,
386 3402 638 3489 Euphor-bia
671 3402 964 3492 Cyparissiae,
1002 3403 1136 3469 Asaro

61 3528 211 3598 tropaeo
250 3512 349 3574 etiam
376 3528 533 3597 perquam
559 3508 688 3572 idonea.
749 3506 838 3573 Alibi
866 3519 1017 3573 montosa
1041 3529 1137 3593 praa·

61 3612 113 3696 pso
139 3602 409 3698 Galeopside
430 3607 694 3676 Galeobdolo
723 3623 866 3675 ornatur.

118 3713 351 3801 Blekingia
386 3715 523 3777 interior
548 3714 655 3777 nanus
679 3734 904 3801 qnamsupra
930 3713 1035 3777 diotae
1059 3733 1154 3797 prot

99 3820 141 3883 'e
168 3842 192 3885 a
216 3815 420 3888 contermina
452 3813 641 3882 Smolaudia
671 3814 796 3894 differt,
828 3819 921 3901 nujus
947 3813 1135 3885 fluminibus

191 3956 235 4027 a*
300 4020 302 4026 .
