2542 4500
69 284 72 291 ·
164 285 209 354 ¹¹.
458 257 483 270 “’
527 247 680 325 atrro
723 278 906 324 ornare

165 479 315 542 currunt,
354 467 387 528 et
419 472 495 527 t'uuc'
528 457 602 528 loca
636 461 793 549 quaedam
824 463 860 526 in
885 482 1075 551 quacunque
1109 464 1246 550 provin‘

166 560 320 655 adposui,
355 567 441 631 haud
472 580 579 631 tamen
611 587 737 651 negans
765 567 896 630 easdem
926 567 1073 651 pluribus
1099 567 1182 633 locis

166 695 268 738 scere.
321 669 373 735 Ad
397 669 526 755 plantas
549 671 733 733 rarissimas
752 666 1084 754 locaspecialissima
1107 675 1201 758 desig
1263 754 1265 759 Α

166 772 296 863 quidem
322 787 415 849 sunt,
442 785 582 847 attamen
609 775 726 856 ipsum,
749 769 805 834 ubi
830 786 989 850 crescunt,
1015 782 1265 864 punctumque!

168 879 377 942 exactissime
401 872 615 938 determinare
641 873 802 938 interdurn
828 874 988 953 dubitavi,
1015 899 1113 963 quum
1135 877 1265 945 locarat

151 972 153 977 ’
166 980 355 1066 gustissima
377 976 657 1042 vicissitudinibus
679 979 778 1039 variis
804 981 990 1069 necessario
1016 982 1172 1064 exposita
1196 982 1265 1057 sin.

62 1108 65 1113 ·
168 1081 285 1169 quibus
326 1078 400 1142 fieri
431 1093 580 1164 potest,
600 1092 635 1142 ut
665 1077 796 1164 plantae
830 1080 1055 1159 destruantur,
1096 1103 1161 1169 quo
1192 1080 1265 1163 ιΜ

105 1251 108 1257 ,
167 1184 357 1270 plerumque
383 1176 449 1245 alio
473 1181 546 1246 loco
571 1181 717 1265 ejusdem
740 1183 886 1267 regionis
911 1181 1132 1248 inveniuntur.
1259 1182 1265 1243 i

272 1281 366 1361 Quae
399 1281 485 1349 inira
514 1283 746 1349 habitationem
777 1286 924 1371 sequitur
949 1287 1145 1373 descriptio,
1174 1266 1265 1381 marli

168 1410 221 1454 me
253 1381 430 1472 habitualis
457 1387 564 1452 studio
591 1383 674 1450 lacta
702 1400 769 1465 est,
801 1399 898 1451 ntea
923 1411 967 1452 ex
991 1406 1084 1473 parte
1110 1390 1254 1455 confi

168 1508 220 1557 tur
246 1469 357 1577 planta
382 1491 485 1554 acutis
509 1488 748 1553 characteribus
774 1508 872 1575 supra
898 1495 1085 1556 examinata
1110 1505 1145 1557 et
1166 1507 1203 1558 ut

168 1593 271 1659 bitum
305 1604 505 1677 cognoscant
537 1588 785 1656 commilitones
812 1595 944 1656 omnino
974 1598 1105 1678 cognitu
1132 1574 1265 1675 necetis

169 1700 270 1772 rium,
301 1698 335 1758 si·
356 1694 507 1759 Botanici
529 1695 663 1778 practici
690 1694 829 1757 evadere
855 1695 967 1759 velint.
1020 1694 1168 1767 Ulterius
1190 1698 1221 1785 pl

171 1810 236 1865 tam
264 1798 368 1882 magis
399 1797 591 1861 santiliarem
623 1790 758 1859 reddere
792 1794 882 1859 volui
908 1786 1066 1884 appositis
1095 1805 1246 1893 nornini¹

170 1901 308 1967 svecicis
352 1921 450 1985 saepe
500 1912 601 1961 totam
644 1895 749 1982 ipsius
793 1895 932 1984 plantae
971 1916 1119 1968 naturam
1160 1927 1204 1969 ex
1243 1972 1247 1983 ,

171 2000 431 2090 exprimentibus
456 1999 511 2087 vel
538 1999 753 2087 proprietates
781 2005 924 2066 maxime
949 2004 1097 2091 insignes
1123 2009 1234 2073 concin

137 2110 139 2115 ’
171 2099 389 2175 indicantibus
416 2114 460 2182 et,
487 2102 544 2170 ubi
571 2121 706 2180 necesse
723 2101 832 2182 fuerit,
858 2104 920 2169 hoc
942 2108 1249 2194 sensuexplicatis‘

171 2205 246 2274 Hoc
277 2208 374 2272 modo
409 2209 548 2292 spatium
582 2206 706 2292 aliquot
736 2205 896 2273 linearum
926 2209 1045 2275 melius
1079 2192 1265 2277 consumta&

172 2313 312 2388 credidi,
351 2331 446 2398 quam
479 2311 527 2389 si,
544 2379 545 2382 Ἴ
561 2322 598 2373 ut
624 2324 858 2395 exspectarunt
889 2311 1000 2377 forsan
1029 2301 1160 2401 qnidam
1178 2294 1265 2380 Boutl

172 2418 255 2491 nici,
295 2414 513 2498 descriptione
550 2410 703 2498 graphica
735 2417 878 2498 speciem
910 2419 1014 2500 magis
1049 2413 1179 2482 firmare
1211 2426 1265 2479 cta

173 2518 334 2589 duissem;
368 2514 450 2601 quae
475 2516 669 2600 descriptio,
701 2517 731 2577 si
762 2514 822 2579 fini
848 2515 922 2579 huic
944 2520 1173 2601 responderat,
1203 2516 1265 2580 lon·

172 2640 215 2705 ge
242 2616 381 2703 amplior
408 2640 543 2682 necesse
565 2619 743 2694 evasisset,
771 2631 803 2682 et
822 2617 926 2706 qualis
952 2621 1011 2683 vix
1034 2607 1100 2685 nisi
1119 2624 1152 2686 in
1165 2638 1265 2684 mono

172 2721 317 2809 graphiis
342 2718 451 2784 locum
474 2715 597 2784 habere
611 2733 744 2805 posset.
796 2776 801 2786 ,

276 2821 376 2900 Quod
408 2837 516 2888 autem
543 2820 683 2907 florendi
713 2831 840 2910 tempus
875 2825 910 2889 in
939 2825 1078 2912 singulis
1113 2821 1265 2921 speciebut

172 2946 240 2993 non
265 2914 426 3011 complete
453 2900 640 3011 designavi,
666 2924 887 3011 explicatione
909 2926 1020 2993 forsan
1042 2944 1129 3015 eget.
1176 2927 1265 3007 Qun

173 3028 295 3094 nullius
341 3028 531 3115 Europaeae
571 3025 672 3093 florae
711 3028 887 3114 (Russicae
929 3033 958 3094 si
999 3025 1193 3119 exceperis)
1230 3050 1265 3096 rc·

172 3135 228 3252 gio
258 3141 400 3211 tanaim,
432 3141 586 3218 quantum
607 3140 756 3208 nostrae,
776 3130 818 3194 in
842 3129 1079 3217 longitudinem
1105 3157 1125 3200 a
1143 3134 1265 3202 meridit'

172 3234 207 3299 in
233 3252 395 3298 summum
423 3237 684 3319 septentrionem
714 3231 967 3312 extendatur,
958 3258 993 3301 ιιι
1019 3238 1194 3323 propatulo
1217 3230 1265 3309 esti

173 3335 311 3401 florendi
345 3321 471 3421 teinpus
497 3320 699 3422 plantarum
714 3334 880 3401 mensibus
912 3337 1088 3405 calendarii
1120 3336 1265 3406 civilisu

172 3459 314 3524 genere,
347 3440 392 3503 ita
427 3452 463 3502 nt
497 3436 648 3504 omnibus
679 3433 762 3503 locis
795 3443 984 3521 conveniat,
1026 3441 1194 3531 designari
1219 3448 1265 3517 nul

174 3581 340 3598 Μ

217 3657 243 3741 *)
264 3668 331 3719 Hine
350 3671 426 3722 etiarn
445 3670 506 3725 haec
523 3672 628 3726 uomina
648 3672 676 3726 in
693 3671 804 3727 indicem
823 3672 942 3738 colligere
962 3685 987 3724 et
1008 3687 1156 3741 comparare
1172 3693 1216 3728 me
1232 3679 1265 3743 ull⁴

258 3755 354 3821 piguit,
382 3776 538 3827 quamquam
561 3762 589 3813 id
607 3762 695 3814 multis
714 3780 806 3832 pamm
827 3777 913 3829 sapere
936 3759 1021 3812 eredo.
1066 3763 1179 3815 Nomina
1203 3768 1265 3818 auto¹

207 3888 215 3903 ,
260 3841 361 3931 Saccicp
381 3848 460 3897 modo
481 3848 619 3904 scientifico
639 3850 796 3904 oBotaulcic
813 3849 870 3900 ficta
892 3849 944 3900 fere
964 3865 1065 3916 eutrper
1084 3850 1168 3902 ourisi.
