2550 4492
405 263 560 309 saulo
599 264 794 308 oruata.
1128 271 1160 313 ἰ,

10 456 36 559 ri
61 497 111 561 gr,
135 494 219 538 nuces
258 474 400 537 minutas
438 469 712 557 Hippuridis,
756 470 937 536 Schoeni
973 467 1151 539 Mariscl

10 605 24 641 c
65 592 118 641 etc.
138 575 294 642 lubentius
327 597 438 640 semen
473 574 630 639 nucularc
662 577 785 640 diceus.
845 573 995 640 Termini
1022 596 1153 663 quoquo

13 689 19 733 1
68 701 116 743 non
142 684 231 766 pauci
260 681 440 743 necessarii
476 676 746 764 Hodwigiani
783 680 824 743 de
855 674 982 744 Muscis
1013 679 1152 767 aliisque

10 822 14 833 ·
63 780 264 870 Cryptogarnis
297 785 419 867 recepti
452 795 544 859 sunt,
577 782 637 846 sed
667 779 804 846 ulterius
833 780 951 846 bacin
976 803 1012 845 re
1038 804 1153 868 proce·
1187 804 1196 819 ·

10 870 19 941 i
55 888 123 950 dere
149 885 259 964 nolui,
289 905 402 951 verum
431 888 542 972 potius
574 897 701 970 partem
728 885 846 971 plantae
871 881 1001 948 obviam
1031 888 1066 950 in
1089 906 1153 951 suo

52 988 117 1054 loco
141 987 385 1054 definitionibus
411 1001 443 1052 et
465 985 739 1074 descriptionibus
761 987 926 1053 illustrare
950 987 1072 1052 studui.
1115 987 1154 1054 si

48 1096 81 1157 in
103 1091 150 1156 bis
174 1093 228 1159 vel
256 1089 333 1155 aliis
362 1112 477 1177 parum
501 1089 582 1155 mibi
607 1103 761 1158 constans
793 1089 1015 1176 deprehensus
1040 1091 1154 1170 fuero,

48 1196 79 1260 id
103 1195 211 1261 forsan
250 1197 361 1280 potius
397 1194 506 1259 studio
543 1214 613 1261 rem
643 1196 716 1258 sine
747 1191 849 1259 multa
880 1196 1154 1278 praeparationum

47 1297 124 1363 mole
148 1314 181 1365 et
203 1318 325 1382 magno
352 1295 621 1365 adminiculorum
648 1310 803 1384 apparatu
830 1294 1030 1384 explicandi,
1055 1317 1154 1385 quarn

47 1399 98 1467 ulli
126 1422 208 1469 mess
235 1402 388 1480 incuriae,
423 1397 577 1467 tributum
602 1402 661 1479 iri,
694 1420 805 1485 spero.

134 1503 228 1581 Quid
251 1516 396 1569 ceterum
417 1505 536 1589 genius
557 1506 784 1589 systematicus
801 1503 1002 1569 Linnoeanus
1019 1506 1054 1570 in
1070 1499 1155 1570 clas·

55 1604 127 1672 sibua
145 1605 400 1683 construendis,
429 1604 605 1691 generibus
630 1603 843 1671 conficiendis
868 1619 930 1671 etc.
955 1620 1017 1671 etc.
1040 1620 1154 1693 postu-

10 1744 13 1767 :
53 1707 103 1787 let,
126 1710 206 1797 quid
229 1722 381 1787 rccuset,
408 1708 443 1775 id
470 1707 524 1772 rel
542 1710 733 1792 jamdudum
759 1713 838 1774 satis
862 1722 987 1787 notum,
1015 1708 1068 1774 vel
1089 1709 1155 1774 hoc
1224 1726 1236 1737 ·

10 1835 16 1873 r
54 1810 109 1878 loco
136 1835 209 1877 uon
237 1810 439 1900 sufficienter
470 1810 632 1897 explicari
661 1825 782 1899 potest.
843 1809 990 1878 Sufficiat
1016 1804 1155 1899 genera·

10 1918 22 2023 l
49 1917 96 1981 tim
130 1915 322 1982 declarasse
352 1936 405 1979 mo
437 1913 506 1979 haec
542 1917 651 1979 omnia
681 1934 829 1980 secutum
854 1913 976 1992 fuisse,
1010 1927 1061 1993 et,
1098 1912 1156 1979 ubi

10 2028 22 2091 t
48 2022 180 2106 rationes
207 2017 310 2103 hujus
335 2015 390 2081 vel
410 2016 504 2080 illius
531 2020 672 2084 instituti
696 2041 763 2084 non
787 2020 868 2082 satis
894 2017 1063 2084 evidentes
1088 2016 1156 2082 sor·

10 2108 23 2187 d
50 2138 98 2187 tau
120 2123 262 2198 inerim,
286 2098 343 2205 tire
366 2123 477 2205 potius
498 2111 627 2206 placitis
652 2116 861 2199 Linnueanis,
885 2141 981 2210 qaam
1004 2120 1156 2198 aliorum,

10 2240 23 2301 t
51 2244 208 2288 assensum
237 2220 334 2300 esse,
361 2243 476 2287 omnes
499 2227 715 2303 mutationes,
744 2245 815 2311 quae
841 2227 877 2289 in
901 2221 1019 2290 melius
1043 2235 1156 2309 aperte
1183 2244 1187 2265 ¹

10 2322 22 2417 l
51 2345 106 2390 nou
126 2328 269 2405 ducunt,
299 2325 407 2390 studio
437 2329 630 2404 evitantern,
657 2347 700 2391 na
728 2327 937 2393 conformitas
964 2329 1065 2391 totius
1089 2339 1157 2390 tur·

10 2430 19 2503 l
52 2425 178 2509 baretnr,
209 2449 254 2493 ne
285 2431 389 2493 series
418 2444 575 2493 consueta
605 2430 848 2514 deperderetur,
878 2450 939 2494 nec
964 2429 1158 2514 synonymia

12 2524 16 2611 l
54 2534 137 2597 mnis
165 2531 280 2618 ampla
309 2532 385 2595 inde
417 2535 558 2596 oriretur
584 2554 614 2595 e.
640 2553 667 2596 s.
696 2555 728 2618 p.
781 2529 981 2596 Monendnm
1008 2553 1159 2619 quoque,

10 2676 12 2685 ·
61 2638 234 2701 moriones
274 2635 450 2720 quasdam,
485 2637 519 2698 in
550 2634 705 2720 operibus
737 2634 998 2720 generalioribus
1026 2634 1158 2721 quidem

12 2740 15 2747 '
60 2754 122 2797 aon
145 2737 350 2822 spernendas,
381 2757 468 2822 saepe
496 2740 661 2803 tamenin
683 2751 796 2801 nostra
818 2736 918 2801 Flora
935 2739 1043 2801 minus
1060 2736 1158 2821 prod·

10 2808 14 2921 l
55 2859 122 2901 esse
153 2862 247 2927 quam
275 2859 415 2918 nocero,
451 2861 507 2903 ex.
538 2862 587 2925 gr.
617 2840 840 2905 reductionem
873 2837 1093 2924 Monogamiae
1122 2841 1159 2903 io

52 2939 146 3006 classe
167 2943 403 3029 Syugenesiae,
430 2944 495 3028 qud
518 2944 650 3005 nomina
675 2955 858 3005 ceterorum
880 2940 1048 3018 ordinum,
1074 2938 1159 3005 alias

49 3045 77 3108 iu
100 3044 160 3110 lrac
181 3045 292 3110 classe
316 3046 396 3109 satis
422 3057 516 3130 apta,
548 3046 680 3107 omnino
707 3048 888 3130 incongrua
915 3042 1008 3107 fiunt.
1059 3040 1160 3113 Cato·

46 3169 109 3213 rum
130 3167 302 3235 nunqnam
326 3144 603 3224 obliviscendum,
626 3167 679 3209 me
703 3145 840 3212 formam
864 3150 1029 3212 concisam
1053 3148 1160 3211 scian-

49 3252 90 3317 be
114 3252 337 3318 Lmnasanam
358 3245 514 3314 libentius
535 3270 730 3315 conservare
757 3270 853 3337 quam
876 3249 1042 3315 dilatatam
1053 3250 1160 3334 magia

43 3351 234 3419 australium
256 3365 293 3417 ct
316 3353 534 3418 recentiorum
560 3374 726 3416 assumere
741 3352 898 3416 voluisse.
949 3350 1001 3416 lta
1028 3372 1085 3417 ex.
1107 3372 1158 3437 gr.

45 3454 163 3523 Statice
200 3440 389 3521 Armer‘iam
419 3453 683 3539 comprehendit,
724 3477 796 3541 quac
828 3476 952 3541 genera
990 3457 1024 3519 in
1052 3455 1159 3539 magis

43 3556 241 3627 australibus
275 3561 391 3635 terris,
424 3556 543 3622 multas
576 3561 704 3645 species
739 3559 908 3644 utriusque
939 3559 1074 3644 generis
1102 3555 1159 3619 ha-

43 3657 209 3743 bentibus,
237 3663 348 3746 magis
371 3661 539 3727 commode
565 3682 660 3748 quam
684 3660 770 3747 apud
792 3681 854 3724 nos
878 3661 1130 3747 distinguuntur.

137 3767 194 3832 Ex
221 3763 277 3831 his
305 3767 485 3850 generatim
514 3763 695 3830 obseruatis
721 3778 753 3827 ct
776 3765 986 3828 conventioni
1006 3763 1160 3850 quodam·

45 3870 130 3936 nodo
158 3868 321 3937 subnixis
348 3870 418 3953 jam
445 3868 687 3955 procedendum
717 3869 758 3931 ad
783 3871 927 3953 species,
958 3887 1029 3951 quac
1054 3864 1160 3951 ipsius
