2550 4492
349 284 685 333 contraeatis
737 284 891 334 naon!
1089 286 1178 338 XXXV

77 490 107 538 r.
129 467 271 536 lln'bus
300 470 488 537 arcticus
523 466 664 536 ibi'fere
693 474 934 550 desiderantur,
967 482 1177 539 cumcontra

77 574 144 643 tiae
170 574 301 641 ibidem
340 577 543 659 copiosiores
578 594 633 638 ex.
660 598 710 660 gr.
742 574 971 662 Saxisraga
1002 574 1179 660 Cotylo·-

77 676 150 754 tun,
184 681 420 762 caespitosa
447 691 507 741 etc.
538 676 592 740 vel
619 691 744 742 tantum
767 676 815 742 ibi
837 676 1003 763 repertae,
1040 691 1077 742 ut
1099 664 1181 742 Poss'

77 764 274 867 §podium
311 778 572 864 Oreopteris.
623 827 626 831 -

155 875 393 967 Regionem
418 880 645 945 lacustretn
670 875 852 968 alpinam
873 880 952 946 satis
976 878 1176 967 peculiarem

77 979 100 1048 tl
123 996 270 1048 centrum
295 1001 455 1047 summurn
482 980 603 1069 alpium
631 985 894 1069 Lapponicarum
928 980 1091 1067 assistere
1116 1009 1176 1049 no·

77 1106 180 1163 anius,
211 1078 296 1165 scil.
327 1088 410 1149 oiroa
442 1079 533 1149 lacus
567 1081 738 1168 Virihjaur
774 1100 808 1150 et
841 1084 1049 1170 Vastinjaur‚
1092 1109 1175 1172 quae
1216 1082 1219 1087 ⁴

77 1187 186 1273 'plantas
229 1187 360 1273 alpinas
397 1185 493 1251 valde
533 1187 763 1252 meridionales
798 1208 853 1252 ex.
885 1212 935 1273 gr.
966 1191 1175 1272 Satyrium

99 1287 263 1368 ibidum,
304 1283 529 1354 Aoouitum
560 1291 844 1373 Lycoctouum
882 1296 906 1378 β
936 1290 1174 1368 latescens,

107 1390 246 1458 tricem
275 1387 530 1470 bicolorem,
557 1392 731 1456 Phacum
756 1392 1017 1478 lapponicam
1045 1390 1100 1456 vel
1126 1405 1174 1457 et-

104 1498 107 1503 ’
144 1493 297 1581 proprias
326 1497 409 1558 sicut
427 1493 677 1559 Arenariam
700 1494 950 1560 bumisusam
975 1493 1052 1560 alite

157 1591 373 1684 Regiones
396 1596 608 1660 lacustres
635 1596 873 1680 sylvaticae
897 1598 972 1660 dein
997 1608 1101 1662 totum
1126 1595 1173 1660 al·

166 1703 287 1785 jugum
314 1698 474 1763 elevatius
501 1701 693 1762 comitantur
725 1711 757 1762 et
780 1696 965 1784 provincias
998 1702 1029 1763 ei
1058 1701 1173 1785 proxi-

100 1874 103 1881 ,
139 1801 219 1889 scil.
234 1805 429 1887 Lapponias
443 1800 636 1888 plerasque,
662 1800 901 1879 Jemtlandiam,
928 1794 1173 1885 Hetp'eiidaliam

130 1881 229 1967 lorsan
257 1906 358 1968 etiam
384 1902 602 1967 Dalecarliam
626 1904 835 1968 constituunt
888 1902 959 1967 Has
984 1906 1174 1991 provincias

155 2018 216 2070 tres
250 2009 347 2093 quasi
379 2019 467 2069 orma
496 2022 570 2071 esso
595 2002 734 2070 vidimus
760 2022 820 2092 per
838 2021 954 2093 aquam
980 1998 1021 2070 ab
1043 2005 1173 2092 alpibus
1210 2030 1214 2041 ·

80 2116 220 2187 mentem,
248 2109 309 2171 sed
333 2103 436 2173 dein
421 2110 512 2194 Jugi's
527 2106 594 2171 illis
609 2107 823 2192 sylvestribus
837 2106 954 2195 partim
966 2107 1172 2195 rupestribus

77 2211 176 2291 putu
197 2203 381 2290 sabulosis,
419 2214 509 2297 ipsas
532 2208 573 2274 ab
596 2206 745 2274 inferiori
772 2208 983 2298 subsequenti
1011 2225 1044 2275 et
1066 2214 1173 2296 magis

77 2304 194 2376 littorali
215 2326 317 2377 tractu
344 2308 588 2398 separantibus,
616 2316 711 2399 quasi
732 2308 908 2399 repulsam.
960 2309 1027 2376 Ubi
1048 2312 1172 2398 alpium

77 2403 175 2497 jugum
197 2411 353 2480 humilius
376 2413 484 2504 evadit
505 2413 560 2478 vel
587 2411 633 2479 ita
655 2414 789 2494 desinit,
816 2430 852 2479 ut
876 2415 968 2501 alpes
991 2418 1172 2481 maritimae

79 2515 135 2578 siut
162 2513 305 2582 diversae
335 2540 355 2580 a
377 2515 460 2603 jugo
491 2516 549 2582 illo
576 2515 731 2582 interiore
757 2535 857 2606 aquas
887 2521 927 2582 ad
951 2519 1081 2582 diversa
1103 2535 1171 2583 rna·

85 2615 129 2675 fin
147 2614 290 2704 lingente
314 2618 387 2682 scil.
415 2622 450 2683 in
472 2620 645 2706 Lapponia
666 2619 833 2685 Tornensi
846 2634 938 2698 eto,
971 2617 1017 2684 ibi
1041 2636 1172 2708 quoque

84 2712 167 2778 nulla
193 2719 253 2787 un
280 2725 377 2807 regio
408 2722 557 2794 lacustris
582 2720 719 2786 ulterius
748 2720 897 2799 exsistit3
928 2739 1041 2788 verum
1066 2740 1172 2810 aquae

78 2820 217 2885 continno
242 2823 342 2888 fluxu
367 2816 407 2887 ab
428 2824 555 2911 alpibus
580 2847 683 2910 usque
711 2821 746 2888 in
769 2843 857 2893 mare
883 2822 1067 2889 decurrunt.
1120 2823 1171 2889 lta

77 2920 160 2987 etlam
176 2928 210 2991 in
223 2924 433 3004 Dalecarlia,
459 2930 489 2990 si
502 2946 619 3011 nempe
634 2922 726 3012 regio
740 2926 798 2992 illa
813 2931 898 2992 circa
912 2922 1016 3011 Siljan
1030 2926 1093 2991 sita
1105 2921 1171 2992 buc

77 3036 131 3088 non
156 3038 359 3108 numeratur,
400 3046 481 3116 quaa
513 3028 628 3094 saltem
658 3031 793 3094 nimium
826 3029 866 3093 ab
893 3028 1020 3114 alpibus
1045 3043 1170 3094 remota

77 3140 116 3190 ut
137 3142 168 3193 et
188 3130 334 3220 qualis
324 3153 360 3195 in
379 3130 566 3196 Dalecarlia
593 3130 787 3196 occidentali
810 3153 877 3195 non
883 3135 1068 3221 reperitur.
1105 3131 1171 3198 Re·

77 3226 172 3347 ,pones
195 3226 302 3309 dictae
325 3233 502 3312 haustum,
525 3246 716 3322 quamquam
745 3230 825 3298 satis
846 3239 933 3300 inter
948 3253 984 3298 se
999 3235 1170 3322 analogae,

77 3302 164 3425 {men
194 3334 369 3402 latitudine
401 3333 563 3402 interdum
592 3356 661 3402 non
687 3354 801 3424 patum
826 3338 995 3415 differunt,
1028 3342 1075 3402 ita
1099 3335 1170 3401 scil
1198 3365 1201 3368 ·

77 3436 181 3520 iper
209 3441 402 3526 Lapponias
438 3441 508 3504 fere
537 3457 665 3528 semper
693 3441 842 3518 eaedem,
874 3443 969 3504 sed
959 3463 994 3503 ru
1015 3439 1172 3504 Jemtlan

91 3522 124 3597 iifl
154 3542 297 3607 omnium
324 3539 567 3621 latissimae,
556 3566 592 3608 ru
622 3541 834 3627 Herjeatlalia
858 3546 976 3607 iterum
1002 3554 1177 3628 angustae'

92 3624 242 3711 mundum
283 3643 370 3709 hanc
407 3649 565 3730 majorem
604 3651 803 3734 minoremve
834 3644 1037 3711 latitudinem
1075 3646 1172 3708 etiam
1262 3709 1268 3716 ,

94 3741 215 3813 nnius
242 3769 357 3813 earum
384 3750 520 3814 inferior
547 3747 616 3836 (q'ui
641 3752 788 3814 terminis
815 3749 981 3813 statistiois
1006 3751 1091 3812 inter
1111 3743 1171 3808 has

96 3832 193 3916 lteres
228 3864 262 3915 et
289 3866 462 3939 sequentes
484 3851 658 3917 inferiores
683 3850 869 3937 provincias
898 3853 995 3914 etiant
1018 3849 1171 3936 quodam
