2550 4492
284 294 631 367 copseecrus
671 295 827 341 sauss
1061 280 1108 341 av

77 503 100 559 ι,
124 489 226 567 atque
260 478 345 544 adeo
374 479 467 567 quasi
493 481 594 545 miros
621 477 875 557 usitatiorem,
902 490 938 543 ut
968 498 1009 542 eo
1031 498 1105 565 per-

77 588 133 647 ant.
194 579 255 645 Sis
291 578 430 646 Phaon
463 583 715 677 campestris
758 580 835 646 inda
871 576 912 645 ab
942 577 1105 652 oeneus

77 704 100 749 re
122 679 239 749 infima
266 682 353 748 iutra
380 694 512 748 nostros
536 682 657 749 limites
676 702 744 748 non
762 683 914 771 provenit
933 693 1107 771 antequam

78 806 162 850 nara
202 782 459 870 septentrionale
494 782 690 851 Finmarlriae
736 787 880 852 maxime
925 780 1106 855 orientalis·
1208 818 1212 825 ¹

77 906 102 955 ι
137 887 246 973 magis
281 887 452 965 miramur,
487 884 750 954 cinerar'iam
778 899 1051 973 campestrem
1085 907 1108 952 a

77 990 114 1055 ria
145 984 275 1059 ex‘tin
305 986 423 1054 saltum
440 984 557 1055 'lanera
588 1010 691 1078 usque
726 991 761 1054 iu
789 1000 925 1055 traetum
953 980 1109 1059 Pelles

77 1092 169 1156 triot
198 1091 320 1157 'tiletum
337 1087 512 1178 Norvegire
538 1088 670 1171 ultime,
697 1090 795 1179 idque
817 1089 1051 1178 temperiem,
1071 1102 1110 1158 ιιι

98 1214 139 1257 se
165 1194 305 1258 oireuitn
330 1192 459 1281 quidem
484 1190 554 1259 ullo
582 1214 643 1280 per
661 1192 736 1258 lora
758 1194 951 1261 intermedia
974 1211 1015 1258 eo
1032 1208 1109 1280 per·

77 1316 116 1359 tre
139 1296 295 1361 sennua
345 1292 497 1361 Attamen
521 1296 680 1363 rationem
706 1314 787 1360 mox
810 1294 1026 1373 inveniemus,
1050 1312 1110 1362 our

85 1393 214 1483 plantae
242 1389 440 1483 'campestres
462 1392 536 1462 loon
558 1399 656 1465 etiam
679 1409 830 1483 respectu
852 1398 1021 1484 temperiei
1041 1408 1113 1463 tam

77 1520 124 1563 rsa
145 1519 246 1587 guam
269 1498 384 1564 dissita
398 1496 471 1582 *sibi
497 1497 630 1586 eligant.
673 1492 778 1565 Maris
801 1496 892 1564 illins
916 1499 1004 1564 eninr
1025 1518 1110 1564 uun·

77 1598 312 1687 aoouglaeiati
338 1603 526 1689 temperiem
551 1602 661 1667 mitem
685 1621 752 1665 non
777 1604 856 1667 satis
878 1600 1031 1666 admirari
1047 1618 1108 1687 po·

77 1720 132 1781 ιιι,
165 1702 298 1791 quanm
327 1701 434 1769 lrieme
469 1724 514 1769 ex
542 1701 669 1790 alpibus
701 1705 776 1768 nive
805 1706 957 1792 omnique
985 1703 1108 1790 frigore

96 1807 188 1870 testis
224 1804 268 1869 ad
296 1803 408 1871 littora
443 1808 515 1891 ejus
546 1808 773 1892 pervenimus,
815 1807 862 1871 ita
891 1820 927 1870 ιιι
959 1802 1006 1871 ibi
1037 1805 1108 1870 lere

77 1909 158 1993 gum
193 1919 309 1972 eontra
337 1906 440 1994 frigus
475 1930 619 1996 querere
652 1905 823 1974 vellemus.
881 1906 966 1974 Mihi
997 1910 1109 1996 itaquo

96 2011 208 2074 ιιὶηιιι
236 2009 472 2097 vegetabilibus
496 2010 583 2076 idem
608 2011 765 2076 accidere.
818 2007 1110 2088 Considerandum,

77 2124 152 2176 utum
177 2133 268 2176 mare
299 2113 340 2177 sd
364 2110 444 2178 haee
466 2111 578 2178 littora
605 2135 664 2199 per
686 2112 843 2179 aestatem
859 2110 931 2179 sole
945 2124 1111 2199 nunquam

77 2211 134 2277 lino
167 2236 206 2279 re
234 2233 316 2278 vera
347 2212 477 2309 oaleliat
513 2216 617 2301 magis
645 2236 741 2304 quam
769 2217 804 2280 in
832 2218 916 2301 ipsis
937 2212 1110 2281 australis-

77 2318 231 2391 uternis,
259 2337 323 2403 qno
347 2338 413 2380 non
436 2329 559 2382 tantum
579 2319 700 2404 ingene
721 2319 893 2405 congeries
917 2319 1055 2402 piscium
1076 2328 1111 2381 et

77 2414 330 2483 islialsenarnm
362 2440 525 2506 nunqnam
556 2439 623 2484 non
657 2419 787 2484 lortiter
816 2419 1023 2505 spirantium,
1055 2438 1110 2483 ve-

77 2520 197 2585 netiam
229 2518 307 2585 talis
336 2523 499 2608 vegetatio
535 2521 696 2589 Furorum
727 2523 962 2599 maximorum,
997 2534 1034 2585 ut
1065 2522 1109 2585 si-

77 2640 97 2681 te
117 2624 182 2709 quid
204 2622 319 2713 forsan
347 2625 433 2689 inter
455 2625 599 2708 tropicos
624 2644 690 2691 non
715 2624 865 2689 exsistat.
919 2621 1027 2700 Quum
1054 2645 1111 2687 au·

77 2738 94 2783 r-
106 2720 162 2804 jan
188 2727 278 2791 inter
306 2722 467 2812 geologos
497 2725 651 2812 physicos
682 2738 826 2803 constet,
858 2742 1012 2811 quantum
1043 2726 1111 2788 vita

77 2818 160 2891 solea
180 2828 377 2914 praesertim
407 2829 590 2914 vegetativa
619 2850 679 2914 per
702 2841 821 2893 terram
852 2828 894 2891 ad
918 2822 1012 2890 olima
1030 2839 1110 2889 tem·
1193 2887 1200 2901 ,

78 2946 162 2993 emvo
182 2931 350 2994 mitiorem
369 2929 567 2995 reddendam
580 2931 742 3010 conserat,
764 2930 886 2994 ataine
903 2930 1110 3015 vegetatione

81 3028 166 3096 aslor
183 3028 336 3096 vivificus
350 3030 438 3097 nllus
452 3045 558 3110 esset,
581 3050 623 3097 eo
638 3034 806 3117 majorem,
820 3051 956 3097 neeesse
970 3030 1109 3106 videtur,

77 3154 128 3198 see
148 3134 183 3199 in
196 3136 279 3199 nari
293 3134 477 3201 densiorem
492 3147 673 3199 contactum
687 3155 760 3199 oum
773 3132 1049 3209 ostentauere,
1064 3131 1109 3197 el·

77 3254 119 3299 ns
140 3234 268 3322 prodat.
298 3234 386 3303 Hine
405 3236 515 3303 forsan
537 3257 604 3302 uon
626 3233 784 3303 absonum
797 3236 883 3302 foret
896 3232 1111 3311 contendere,

77 3339 131 3403 ari
145 3334 243 3413 elima
257 3337 312 3402 vel
326 3342 516 3425 temperiem
528 3339 614 3426 aputl
626 3359 690 3405 nos
702 3339 867 3405 inversum
880 3359 966 3414 asse,
979 3339 1026 3402 ita
1038 3333 1109 3400 soil.

77 3438 100 3509 tl
121 3436 287 3527 NordCap
310 3442 422 3507 mitius
448 3442 491 3505 sit
508 3464 604 3531 quam
626 3440 668 3506 arl
688 3439 934 3508 meridionalem
949 3438 1109 3504 Soaniam.

77 3557 167 3608 ntum
201 3540 376 3629 peninsula
405 3555 519 3609 nostra
548 3542 666 3610 debeat
686 3545 769 3610 mari
791 3541 842 3610 illi
864 3538 1110 3628 septentrionali

103 3643 210 3731 frigus
243 3645 403 3710 avertenti
433 3658 466 3711 et
498 3646 675 3734 mitiganti,
710 3648 783 3711 sine
808 3664 873 3735 quo
895 3641 1018 3710 Sibiria
1041 3642 1111 3707 lere

77 3757 104 3825 t,
135 3766 205 3811 non
237 3746 319 3811 satis
348 3745 582 3817 aestimandum
611 3761 779 3836 potamum
812 3769 913 3837 qnare
937 3758 999 3810 nee
1022 3763 1111 3811 mare

77 3871 83 3915 ι
122 3860 192 3914 ιιιιιι
231 3847 350 3914 efficax
381 3870 428 3916 ex
456 3848 559 3953 l'lora
584 3864 699 3917 nostra
726 3847 900 3916 exclusum
929 3846 1110 3921 voluimus,
