2542 4500
97 250 141 296 ra
500 229 780 304 DIANDRIA

168 435 322 499 obtusis.
360 437 452 502 caule
473 448 602 510 everto.
654 437 759 503 Lien.
784 438 870 502 suec.
894 463 925 504 n.
947 459 1000 503 22.-
1025 439 1158 528 syst.etl
1192 473 1196 491 r

178 522 303 586 Roem.
330 545 357 585 a.
376 545 414 607 ρ.
435 516 504 586 rari.
528 524 565 584 it.
580 547 672 586 seon.
693 547 716 608 p
748 545 819 606 277.
842 525 938 589 Flor·
957 523 1056 589 Dona
1070 525 1158 602 abar.

178 604 283 671 Jiuol.
306 605 383 670 Bot.
409 618 430 670 t.
458 609 496 671 ab
540 608 653 671 Lache
675 631 766 672 seon.
787 633 820 694 p.
849 633 876 674 1.
904 611 990 674 nli.
1017 609 1158 675 VotAc.
1192 636 1198 659 τ

179 689 310 755 Hamil.
336 692 426 776 1744.
433 716 468 778 p.
481 692 554 758 262.
580 693 745 774 Alslquist
767 705 874 759 rmrst.
889 719 924 782 p.
938 712 969 778 5.
990 695 1160 760 Frieslrai·

180 776 272 840 lund.
295 799 327 861 p.
352 780 401 842 15.
439 778 612 865 Aspegren
634 778 779 867 irlebing.
797 803 831 866 p.
853 801 883 844 2.

135 862 224 930 Hah.
253 862 286 926 in
315 885 471 946 agrorum
495 887 711 929 arenosorum
738 864 957 946 oraminibus.
989 865 1030 929 ad
1056 864 1162 932 vianet
1196 853 1209 882 ¹

177 969 282 1037 pagos
308 948 563 1032 provinciarum
587 949 735 1014 maxime
759 948 1028 1016 meridionalium
1051 950 1163 1017 mariti·

176 1055 311 1100 metrum
333 1033 367 1097 in
387 1032 589 1100 formatione
603 1033 807 1101 transitionis
820 1034 1005 1118 positarum
1024 1051 1061 1099 ut
1084 1040 1162 1101 Sea·
1203 1054 1209 1061 “

178 1121 258 1184 nire
281 1121 403 1203 passim
425 1142 479 1183 ex.
500 1143 550 1204 gr.
572 1121 612 1183 ad
635 1121 789 1205 Sandby.
809 1119 1006 1204 Fouetsimg.
1029 1109 1163 1189 Oivedt·
1201 1120 1209 1201 ff

177 1204 313 1277 kloster,
338 1205 557 1270 Oelandiee
576 1206 705 1280 rarins;
726 1206 824 1271 etiam
844 1207 1090 1273 Hellandiae
1108 1231 1164 1272 me·
1206 1222 1209 1226 '

179 1291 353 1358 riiiionalis
376 1302 407 1354 et
430 1291 535 1355 Blek
548 1291 588 1355 in
600 1315 619 1369 a
630 1292 637 1353 i
649 1315 675 1355 ae
701 1314 787 1355 raro.

135 1380 243 1440 Planta
268 1389 332 1440 tota
358 1378 517 1458 insigniter
537 1380 921 1459 glanduloso-pubescens‚
944 1381 1076 1439 obesior
1098 1390 1166 1440 cete·

93 1469 153 1544 ris‚
177 1467 299 1528 circiter
318 1466 457 1544 digitalis.
478 1466 578 1525 Cauiis
600 1467 779 1545 plerumque
799 1467 939 1545 simplex.
961 1465 1048 1526 Folia
1073 1467 1110 1526 ad
1124 1469 1166 1526 bi-

95 1555 143 1613 sin
164 1554 291 1633 partita3
312 1552 430 1611 laciniis
452 1572 571 1611 sursum
592 1553 767 1627 latioribus3
785 1553 938 1610 terminali
958 1554 1099 1614 obovata.
1121 1553 1167 1612 Pe-

99 1638 226 1698 dunculi
259 1639 365 1697 saltem
392 1648 464 1718 post
483 1638 707 1700 florescentiam
728 1649 792 1696 tres
816 1639 912 1697 lineas
932 1639 1025 1718 longi.
1064 1639 1168 1720 Calycis

95 1724 249 1784 inferioris
279 1724 408 1787 laciniae
441 1723 533 1784 ctiam
553 1725 675 1785 incisae.
718 1723 841 1784 Corolia
864 1725 966 1805 calyce
991 1724 1092 1785 mirlto
1108 1727 1168 1794 lon·

95 1810 177 1890 gior,
203 1820 336 1870 saturato
368 1810 523 1886 caerulea,
551 1812 695 1871 vernalis.
739 1810 870 1889 capsula
898 1813 1074 1886 obcordau,
1107 1813 1168 1871 duas

94 1897 191 1960 luteas
211 1898 302 1974 longa
322 1898 469 1978 inajorem
492 1919 561 1957 cum
576 1896 771 1976 sequentibus
792 1918 883 1976 quam
903 1918 972 1957 cum
997 1898 1169 1958 anteceden-

95 1983 178 2045 tibus
197 1983 354 2062 speciebus
377 1983 554 2044 affinitatem
570 1984 717 2042 indicans.
784 2034 786 2039 .

89 2104 149 2150 aa.
182 2084 430 2153 VERONICA
449 2108 575 2150 verno.-
604 2078 802 2173 pedunculis
837 2086 993 2152 solitariis
1022 2083 1170 2152 brevissi-

180 2172 266 2247 mis,
289 2167 376 2234 loliis
399 2171 567 2237 sessilibus
589 2169 797 2254 bracteisque
820 2168 1038 2237 inferioribus
1060 2172 1171 2258 digita-

179 2256 385 2344 to·partitis,
406 2257 502 2321 caule
522 2255 649 2323 stricto.
693 2255 799 2320 Lina.
814 2280 901 2322 socc.
917 2281 949 2322 n.
962 2259 1015 2325 ab.
1033 2255 1171 2346 syst.ed.

181 2344 303 2416 Roem.
315 2362 406 2429 1.p.1
417 2363 461 2428 ¹9·
474 2338 569 2407 Flor.
581 2340 788 2406 Damasia.
804 2341 862 2407 W
858 2342 991 2408 alitent).
999 2366 1076 2429 ops.
1086 2368 1118 2409 n.
1133 2345 1170 2407 rt.

138 2427 229 2499 Bab.
262 2426 345 2499 locis
376 2427 522 2493 eraridis
543 2424 665 2515 apricis
688 2427 866 2502 regionum
890 2431 1173 2517 campestriumet

181 2512 377 2579 littoralium
398 2512 525 2580 Sverise
545 2511 706 2598 usquein
721 2512 974 2580 Vestmsnniam
997 2514 1175 2582 ferrimon·

182 2609 293 2663 tanam
317 2619 372 2664 ex.
393 2618 444 2680 gr.
468 2597 737 2683 Skinskatteberg
766 2608 800 2662 et
831 2599 1070 2668 Norrl'andiam
1095 2598 1176 2667 infe-

182 2683 307 2752 riorem
330 2683 536 2768 frequenter.
672 2764 674 2771 J

140 2772 247 2835 Planta
266 2773 463 2855 praecedenti
484 2772 600 2850 affinis,
622 2773 677 2832 sed
696 2782 731 2831 ut
753 2775 1022 2853 septentrionalior
1037 2775 1081 2835 ita
1093 2775 1179 2835 enan

97 2862 242 2940 gracilior
268 2871 299 2922 et
319 2859 421 2917 minus
442 2857 567 2920 viscida.
608 2859 694 2919 folia
713 2859 779 2918 sere
798 2861 917 2940 glabra,
939 2863 1033 2921 caulis
1054 2882 1132 2922 vero
1152 2862 1193 2919 et'

96 2948 237 3007 bracteae
259 2944 418 3027 pilosulae.
448 2943 571 3004 Corolla
592 2946 695 3026 calyce
708 2946 806 3005 multo
826 2948 959 3022 brevior,
983 2948 1038 3008 sed
1051 2956 1177 3008 saturata

98 3034 255 3176 {uenalem
285 3030 426 3094 vernalis.
472 3030 610 3112 Capsulu
632 3033 688 3093 vix
718 3031 931 3114 sesquilineam
949 3035 1054 3115 longe,
1079 3035 1178 3117 calyce

119 3138 230 3178 remor.

99 3231 151 3282 22.
183 3217 434 3284 VERONICA
458 3217 629 3282 arcensis:
680 3215 850 3282 edunculis
869 3215 1025 3286 solitariis
1050 3219 1183 3284 bractea

181 3303 364 3377 lanceolata
385 3302 611 3378 brevioribus,
647 3237 737 3366 iiliis
764 3301 980 3370 inferioribus
1013 3303 1180 3403 petiolatls

182 3390 291 3456 ovatis
308 3387 535 3455 inciso-serrat
543 3389 578 3465 is,
600 3387 693 3451 caule
716 3389 944 3456 erectiusculo.
974 3389 1180 3459 Linesvec

184 3502 218 3542 n.
233 3498 281 3564 ¹9·
292 3484 374 3556 syst.
385 3473 565 3538 culicem.
582 3496 607 3538 1.
616 3495 652 3558 p.
663 3474 721 3538 125
752 3471 847 3558 Flor.
859 3471 951 3538 Dan.
960 3484 985 3539 t.
998 3477 1072 3543 515.
1083 3476 1181 3543 maia.

141 3561 231 3627 be.
264 3563 300 3627 in
334 3558 437 3630 arvis.
469 3557 649 3626 ruderatis.
690 3557 795 3644 petris
825 3568 886 3625 etc.
914 3559 1044 3626 Sveciae
1077 3562 1194 3650 magis·

185 3643 376 3737 campestris
398 3664 503 3729 usque
530 3643 566 3708 in
591 3641 811 3707 Dalecarliam
836 3643 1043 3732 superiorem
1065 3671 1119 3716 cx.
1134 3670 1183 3738 gr.

184 3728 474 3817 Osmundsberget
494 3739 529 3793 ct
551 3729 836 3814 Angermanniam
864 3729 999 3816 ubique.

141 3822 243 3883 caulis
260 3817 422 3902 primarius
445 3819 631 3893 ecberectus,
653 3818 707 3876 ssd
727 3820 803 3877 rami
823 3818 862 3878 ad
879 3819 964 3879 basin
976 3821 1045 3902 ejus
1057 3822 1185 3884 demum
