2542 4500
152 244 237 290 xum
447 273 450 278 -
516 234 898 311 ttttroorrutr
983 217 986 221 ’

152 436 310 500 micorum
347 431 560 513 optimorum,
593 447 728 514 quorum
759 430 926 493 scientiam
952 427 1038 493 bene
1061 453 1218 518 perspe

152 535 269 610 habui3
298 530 402 597 effata
428 541 535 594 autem
556 531 681 594 incerta
705 551 819 617 parum
842 535 1006 624 respicere
1030 545 1062 594 et
1084 533 1256 620 longer

152 659 215 729 nus
236 636 374 701 recitare
395 653 494 696 ausus
516 653 605 710 sinn,
629 654 672 697 ne
694 636 817 698 incerta
841 637 937 698 certis
960 615 1271 726 ἰιιιιιιίεοιιειιιιιιῚ

169 737 256 804 Ut
267 734 423 802 habitatio
438 735 580 800 maxime
596 734 804 800 essentialem
815 750 940 820 partem
956 737 1060 805 totius
1071 740 1242 822 operiseb
1241 734 1271 805 l

151 854 252 922 ceret,
279 841 368 904 'omni
390 859 467 904 cura
486 837 606 915 studui,
632 839 725 922 cujus
739 837 974 925 (habitationis)
987 842 1231 924 expositiones'
1264 834 1271 906 l

47 1027 51 1034 Ι
151 959 222 1013 toto
253 964 353 1032 opero
386 939 621 1030 quodammodo
655 941 821 1027 dispersas
846 941 915 1025 jem
942 939 1163 1028 subsequente
1188 965 1215 1008 c·
1229 974 1241 1001 ι

97 1082 99 1085 ·
151 1054 266 1135 spectu
289 1042 437 1133 generali
460 1044 554 1130 regni
576 1043 678 1108 totius
704 1058 896 1109 connectere
923 1035 1024 1123 volui,
1050 1057 1082 1107 et
1107 1049 1156 1110 sic
1171 1069 1237 1135 qua:

151 1149 280 1216 culmen
310 1149 372 1212 toti
402 1147 635 1211 constructioni
669 1149 779 1232 operis
810 1138 988 1232 imponere.
1039 1143 1091 1209 Ne
1121 1146 1181 1213 illa
1203 1172 1244 1228 ιι

85 1323 87 1327 ,
150 1275 214 1341 que
245 1249 368 1343 absque
394 1249 654 1313 consideratione
679 1248 777 1333 hujus
805 1263 1016 1336 conspectore,
1044 1251 1169 1336 inquo
1207 1280 1237 1307 »21

136 1352 251 1422 multa
282 1350 503 1430 illustrantur,
543 1350 604 1416 sub
633 1353 799 1430 incudem,
834 1366 870 1433 nt
897 1354 1005 1436 ajunt,
1035 1348 1240 1426 revocaretur

92 1514 97 1532 ‚
146 1461 216 1544 jam
241 1455 298 1520 din
318 1456 445 1540 rogavi.
499 1450 593 1531 Quae
616 1469 758 1520 ceterum
782 1453 856 1527 heio
878 1455 1089 1541 praelationis
1114 1453 1235 1532 locos

109 1575 125 1609 1
139 1557 311 1626 monenda
336 1570 431 1636 sunt,
460 1554 669 1644 sequentibus
694 1546 868 1622 obsolvere
895 1554 1048 1621 conabor.
1099 1555 1247 1623 Dilabu

147 1676 201 1728 tur
225 1658 444 1726 habitationes
469 1661 565 1746 quasi
591 1661 626 1722 in
652 1659 732 1725 duas
756 1673 882 1747 partes:
920 1681 1055 1746 quarum
1078 1657 1247 1725 altera

60 1825 63 1831 .
145 1763 216 1830 lum
247 1775 445 1850 terraeque
447 1759 593 1825 indolem
619 1763 751 1840 recitat,
790 1760 894 1827 altero
925 1765 1093 1848 regionem
1124 1760 1243 1829 vel'

118 1851 352 1954 'sparsionem
386 1843 637 1952 geographicam
668 1863 821 1943 exhibet,
854 1868 901 1929 ita
930 1877 1054 1946 tamen,
1091 1876 1128 1951 nt
1159 1869 1240 1931 inte

94 2033 99 2047 ,
145 1969 223 2035 dum
252 1967 445 2034 intermedia
479 1966 617 2044 oriatur,
658 1966 698 2030 de
731 1969 903 2053 campestri
938 1965 994 2032 vel
1020 1943 1175 2052 sylvestri
1205 1989 1239 2032 v

144 2083 296 2139 montosa
308 2071 351 2157 a)
378 2074 493 2133 natura
514 2070 550 2131 in
573 2090 694 2155 genere
720 2090 839 2156 egens,
868 2082 901 2133 et
926 2073 1140 2157 exceptiones
1167 2091 1256 2159 qu

142 2176 231 2258 intra
252 2172 380 2237 limites
414 2169 651 2271 subsequentes
679 2169 836 2237 efficiens
890 2169 988 2249 Quod
1016 2173 1058 2237 ad
1082 2170 1230 2239 soluma

101 2327 103 2334 ,
142 2278 242 2355 tinet,
271 2271 452 2363 principale
479 2293 580 2359 saepo
603 2288 728 2339 tantum
748 2276 897 2352 notatur,
925 2275 1013 2362 quod
1038 2276 1137 2340 etiam
1158 2251 1230 2341 lali

77 2397 81 2413 ¹
111 2370 114 2375 ⁴
141 2377 376 2456 sumendum,
388 2377 465 2464 quia
495 2374 589 2440 locus
621 2373 915 2442 modificationibus
949 2375 1105 2442 omnibus'
1126 2398 1259 2444 enum

134 2481 254 2546 'randis
275 2499 344 2544 non
368 2478 544 2555 suffecerit,
572 2498 628 2545 ex
643 2500 692 2565 gr.
716 2477 774 2543 ubi
798 2478 838 2543 de
863 2476 971 2544 fluviis
996 2483 1127 2585 mentiq
1134 2476 1180 2558 fit,
1205 2493 1251 2566 et·

94 2618 96 2626 2
139 2587 207 2651 iam
235 2580 444 2646 dilatationes
474 2601 587 2644 eorum
620 2583 655 2646 in
677 2579 768 2644 lacus
793 2583 936 2645 minores
962 2583 1059 2647 undis
1081 2603 1191 2670 pamm
1214 2601 1249 2645 aa·

139 2688 261 2774 gitatos
279 2679 599 2767 subintelliguntur,
632 2694 665 2746 et
697 2685 768 2746 vice
793 2705 899 2748 versa
925 2720 976 2733 -
1004 2681 1177 2761 Quomodo
1200 2701 1250 2748 re·

138 2791 278 2877 giones,
314 2784 401 2874 apud
428 2805 492 2848 nos
524 2797 589 2849 tam
619 2785 785 2849 evidentes
817 2800 850 2851 et
880 2788 916 2851 in
948 2801 1126 2873 conspectu
1158 2784 1260 2873 regui..

138 2893 338 2975 descriptas,
364 2885 474 2954 verbis
501 2892 597 2973 quam
622 2889 828 2974 paucissimis
852 2887 987 2954 definire
1014 2891 1249 2967 studuerimus,

133 2996 205 3079 jam
229 2989 461 3077 explicandum
486 3003 547 3053 est.
599 2989 738 3077 Saepius
765 2988 849 3055 fines
876 2991 1008 3055 ultimos
1037 2993 1248 3056 determinare

136 3093 193 3162 vel
222 3091 327 3184 figere
358 3089 523 3160 voluimus
556 3091 665 3159 verbis
699 3114 755 3157 ex.
781 3115 830 3180 gr.
863 3094 1026 3158 ascania
1061 3095 1103 3157 ad
1127 3091 1248 3181 Uplan·

134 3254 304 3279 m

88 3353 94 3357 ·
196 3325 209 3408 )
226 3333 354 3386 Omnium
374 3320 466 3386 borum
485 3320 599 3400 bomine:
620 3321 664 3404 qul
684 3348 731 3406 per
748 3324 850 3403 triginta
872 3351 950 3388 annos
969 3337 1067 3404 plantas
1084 3334 1151 3386 milri
1168 3333 1262 3387 dede·

218 3433 279 3474 nunt
300 3422 342 3473 vel
360 3420 426 3472 loce(
438 3423 555 3491 specialia
575 3424 720 3492 plantarum
740 3424 889 3488 indicarunt,
912 3424 1039 3493 adponere
1063 3423 1177 3474 nimium
1186 3425 1247 3474 lon-

171 3536 181 3556 ι
217 3523 282 3574 gum
301 3524 334 3558 ne
350 3503 439 3560 dicam
462 3507 565 3562 dilticile
584 3510 666 3578 soret,
698 3511 744 3564 sed
763 3523 863 3580 grauun
882 3528 941 3578 erga
963 3529 1006 3562 eos
1025 3508 1111 3563 lovere
1133 3510 1248 3586 anirnum

217 3608 349 3663 nunquam
368 3595 543 3648 intermittam.
584 3632 592 3643 ..

150 3713 192 3801 **)
217 3725 287 3792 Quas
311 3720 483 3774 distinctiones
505 3734 533 3773 ut
553 3723 672 3788 omnium
695 3725 801 3775 minime
822 3725 932 3776 exactius
947 3719 1158 3775 detenninandas
1173 3736 1250 3800 saepo

217 3811 312 3862 uerbis:
330 3826 371 3863 ex.
379 3825 419 3875 gr.
432 3809 512 3875 magis
523 3822 640 3863 montosa
651 3808 737 3879 (quum
746 3808 900 3879 campestris)
910 3831 920 3861 ι-
932 3808 1125 3875 quodammodo
1136 3806 1250 3861 reddidi·
1262 3812 1266 3823 '
