2550 4492
461 284 887 364 GYMNOSPERMIA
1126 303 1201 394 '57⁵

192 481 436 567 campestrium
465 507 483 547 a
506 485 621 550 Scania
642 488 680 552 ad
702 488 974 576 Vermlaniiiam',
998 471 1202 584 Upiairdiani

196 579 231 629 et
253 567 432 633 Gevaliam
457 569 659 655 frequenter.
1015 608 1020 615 ·
1086 642 1089 649 ,

150 669 252 728 Radix
288 673 442 750 perennis.
495 673 601 733 Planta
636 676 725 752 saepe
755 674 912 755 tripedalis
943 665 1042 739 valde
1064 685 1199 757 ramosa,

110 756 278 815 tenacioris
301 758 486 848 substantiae
510 769 541 818 et
562 760 745 819 obscurioris
769 762 895 834 coloris,
920 762 1024 825 Svecis
1042 758 1201 831 Boacias..

108 839 154 912 la,
180 838 421 918 Bondnctssta,
443 840 645 912 Askadssla.
666 845 824 923 Empiricis
846 844 1198 938 Hjertsprdngsgrcis.

107 925 193 985 Folia
231 928 380 1003 inferiora
415 931 620 1008 magnitudine
654 941 684 989 ct
710 932 805 1011 ligura
833 933 897 992 fere
931 932 1037 996 mamis
1063 943 1198 1025 expansi.

107 1011 424 1072 Verticilli‘minores
456 1017 564 1094 asperi.
608 1017 729 1075 Corolia
752 1026 823 1097 post
844 1019 1021 1098 solstitium,
1051 1034 1139 1084 extus
1162 1048 1197 1083 o-

107 1099 215 1156 mnino
237 1098 438 1176 albo-lanata,
461 1102 545 1160 intus
567 1104 899 1182 sanguineo-punctam.

247 1252 1063 1339 nannaoocarnaaun
1145 1266 1149 1275 ¹

340 1355 415 1410 lina.
424 1359 527 1424 gemed·
538 1357 608 1408 Scir.
620 1375 645 1407 a.
655 1365 714 1416 984.
738 1356 816 1419 Just.
824 1376 879 1426 gea.
889 1377 911 1423 p·
923 1371 977 1422 ¹3⁰·
995 1360 998 1365 ’

106 1432 222 1518 Calyx
249 1433 504 1499 subbilabiatus:
537 1436 636 1498 dente
664 1459 821 1524 supremo
846 1437 965 1504 ceteris
997 1437 1100 1525 duplo
1132 1434 1195 1501 tri-'

144 1517 253 1608 plove
284 1519 413 1584 latiore.
468 1519 612 1584 Corollac
638 1518 718 1585 faux
750 1521 863 1584 inflata
889 1520 1041 1586 laciniam
1069 1533 1196 1586 rectam

145 1604 311 1687 utrinque
332 1605 540 1690 producens3
567 1604 654 1668 labio
675 1606 836 1670 inferiore
860 1605 1020 1686 indiviso,
1042 1605 1195 1682 deflexo3

53 1706 55 1751 !
149 1688 294 1754 minore.
318 1723 362 1738 -
390 1688 527 1754 Herbae
541 1689 646 1773 soliis
672 1691 845 1772 indivisis,
871 1688 1019 1777 floribus
1041 1691 1195 1757 vestiri!-

53 1820 55 1841 .
145 1774 405 1858 litto-spicatas,
425 1772 569 1840 bracteis
590 1777 690 1839 latis
1028 1790 1030 1795 ’

101 1892 180 1978 670.
214 1893 648 1959 DRAOOOEPHALUM
672 1895 917 1975 Ruysciriana:
952 1886 1091 1960 'floribus
1123 1894 1194 1980 spi-

190 1978 301 2051 catis,·
320 1977 409 2046 soliis
440 1979 683 2045 sublinearibus
712 1979 917 2065 bracteisque
947 1981 1083 2061 muticis
1103 1978 1194 2044 indiss

189 2063 272 2129 visis
291 2064 527 2150 integerrimis.
569 2065 674 2129 Iliun.
696 2088 782 2129 sves.
806 2089 837 2127 n.
860 2067 933 2146 557.
963 2087 1049 2150 spec.
1095 2065 1117 2126 l.
1140 2065 1191 2127 ed.

190 2149 514 2234 Willd.5.p.155.
560 2151 655 2213 Flor.
686 2149 832 2215 Darat
863 2171 932 2213 121.
979 2088 1194 2236 Bjeribndar

193 2232 233 2299 V
229 2243 272 2298 et.
293 2235 358 2299 Ac.
378 2233 512 2299 Hamil.
539 2236 630 2319 1776.
652 2256 686 2320 p.
709 2231 762 2297 80.
787 2233 941 2321 (Hising·
968 2256 1059 2297 narr.
1076 2231 1190 2319 pus-9.)

141 2336 236 2401 Hab.
261 2335 342 2400 locis
360 2336 480 2422 apricis
506 2336 654 2400 exsuccis
678 2336 711 2398 in
734 2345 836 2399 strato
859 2335 1002 2398 calcareo
1023 2331 1190 2397 montium

189 2419 627 2505 Vestrogothicorum
667 2419 870 2483 transitionis
908 2429 941 2480 et
972 2417 1107 2503 quidem
1134 2440 1191 2483 re-

188 2506 296 2589 gionis
326 2507 680 2593 proprie-Falbygden
702 2504 797 2568 (lictae
827 2505 867 2568 ad
889 2505 1082 2588 Mbsscberg
1103 2503 1191 2569 inter

186 2591 344 2655 Giikbem
379 2603 411 2652 et
449 2590 569 2655 Klefra
605 2599 668 2678 per
697 2589 884 2653 Kiefvaired
909 2588 1117 2675 frequentor,
1154 2585 1189 2650 in

188 2660 450 2761 dilabergsiiude
480 2676 540 2740 vix
569 2677 719 2762 parcius3
753 2674 832 2738 alibi
861 2674 987 2746 rarius,
1012 2685 1189 2757 „ut-prope

189 2762 423 2846 Siiderkiiping
459 2760 492 2823 iu
528 2761 683 2847 paroecia
721 2760 875 2824 Drothen
910 2758 950 2822 ad
981 2758 1188 2842 Thorstorp,

186 2847 404 2934 (Smoiandiae
427 2847 460 2908 in
483 2847 584 2931 pratis
608 2847 682 2930 pagi
705 2845 797 2908 Hulu
820 2841 983 2928 paroeciae
1006 2842 1189 2909 livitlanda

188 2932 291 3007 olim,
322 2929 360 2994 ad
396 2928 570 3015 bilinguis,
617 2930 839 2992 Vestrnanuiae
875 2928 917 2992 ad
946 2927 1190 3012 loliannisberg

185 3037 294 3104 prope
314 3012 490 3080 Verteris:
525 3017 584 3082 Dr.
606 3016 719 3096 Harl).
1084 3030 1088 3041 “

143 3122 247 3181 Radix
268 3119 420 3197 perennis.
464 3118 570 3177 Planta
591 3128 656 3178 tota
670 3139 739 3176 non
764 3136 871 3196 parum
895 3118 1073 3195 graveolens
1091 3117 1186 3199 (unde
1231 3170 1232 3174 ,

95 3211 204 3268 forsan
226 3203 434 3283 Vestrogothis
455 3201 773 3290 Mdrrpissagrris),
802 3203 981 3282 plerumque
1010 3204 1120 3280 pedem
1141 3204 1186 3259 al-

96 3307 146 3369 ta,
171 3294 236 3352 fere
260 3291 445 3370 glaberrima.
488 3288 572 3348 folia
594 3292 772 3370 plerumque
793 3297 911 3346 tantum
932 3289 1008 3351 duaa]
1025 3288 1120 3366 linias
1142 3289 1187 3344 la-

96 3392 144 3454 ta,
177 3379 232 3436 sed
255 3376 477 3456 sesquiunciam
502 3378 598 3455 longa.
643 3376 733 3454 Spica
761 3383 877 3432 tantum
899 3373 1002 3453 paucis
1027 3370 1186 3430 verticillis

98 3474 235 3537 constat,
268 3463 320 3520 sed
347 3481 447 3520 crassa
472 3464 510 3521 ob
532 3463 622 3520 flores
643 3464 706 3521 sere
731 3459 879 3519 maximos
901 3459 993 3537 hujus
1016 3448 1186 3517 ordinis'o-

95 3553 236 3629 leganter
263 3548 416 3607 caeruleos
443 3548 621 3608 aestivales·
658 3547 755 3625 Calyx
782 3545 912 3622 quinque
940 3545 1040 3602 lineas
1061 3544 1184 3620 longus,

95 3638 201 3715 primo
222 3635 335 3692 intuitu
360 3635 565 3711 subaequalis,
588 3633 642 3692 sed
660 3653 693 3695 re
715 3650 787 3690 vera
813 3630 904 3688 dente
927 3650 1067 3708 supremo
1090 3630 1192 3705 alnisio:

94 3723 217 3782 latiore.
274 3721 396 3780 Corolia
437 3727 502 3778 tota
529 3721 650 3781 unciam
677 3720 767 3800 lunga
793 3716 885 3774 etiam
918 3717 1034 3776 sveciae
1068 3710 1186 3776 Drab-

95 3829 160 3871 nos
181 3808 269 3868 dicta.
