2542 4500
119 257 292 346 '0144
366 244 381 377 ῤ’
422 238 433 323 s
481 258 650 336 'ultro
688 254 879 338 possuit*

113 565 118 569 μ
155 516 158 521 -
224 470 402 552 boenes,
424 469 476 544 ⁴nb
500 481 582 564 quot
609 494 671 540 uos
697 473 871 543 Linuteum
895 473 1041 563 pressius
1065 477 1159 570 sequi
1185 480 1242 550 de-

54 668 55 673 ¹
121 581 256 661 benur,
290 598 364 644 non
393 589 458 643 turn
482 576 599 664 gloriae
623 580 738 668 patriar
768 593 936 667 respectus
964 579 1103 668 praebet,
1137 585 1242 674 (quae,

122 686 253 753 etiamsi
269 679 374 750 vnobis
395 675 618 759 sansossimn,
655 681 762 748 tamen
786 676 860 770 ipsis
885 677 1001 750 banno
1024 689 1160 774 ejusque
1187 713 1242 755 co.

122 787 272 880 gultione
304 788 448 852 sanetius
470 806 545 851 essa
573 806 640 851 non
667 786 806 875 potest),
838 807 933 873 quam
958 790 1068 874 potius
1095 792 1167 874 ejus
1190 797 1242 861 rei

121 891 361 970 consideratio,
395 889 483 977 quod
509 887 600 954 illius
626 888 661 954 iu
685 889 746 954 hae
772 892 909 954 scientia
932 893 1155 956 institutiones
1184 918 1242 960 na-

121 1008 204 1062 turae
221 993 349 1081 petrin
383 991 555 1078 propiores
581 989 678 1057 nobis
703 993 893 1071 videantur,
923 1006 956 1058 et
979 995 1240 1070 institutionibus

53 1140 56 1148 ι
123 1112 229 1165 status
267 1097 406 1173 nvenisti,
450 1096 599 1181 inprimis
632 1093 818 1174 litterariis,
857 1099 961 1182 magis
993 1097 1239 1166 convenientes.

39 1234 79 1263 Ji
124 1198 289 1281 Quantum
318 1199 463 1264 seientia
494 1199 716 1263 institutiones
749 1199 938 1264 Linnaeanae
973 1214 1096 1266 naturae
1125 1189 1240 1286 patriae

122 1299 372 1374 accommodasse
397 1304 475 1395 siut,
503 1304 537 1366 in
562 1299 772 1388 sequentibus
794 1304 913 1368 iterum
935 1306 1115 1393 iterumque
1131 1305 1241 1392 expli-

118 1431 209 1489 snrs,
236 1410 341 1474 immo
364 1416 400 1470 et
425 1417 500 1468 ante
526 1403 640 1470 oeulos
666 1424 802 1491 ponere,
829 1405 1048 1484 studebimus3
1073 1409 1144 1492 jam
1157 1430 1239 1475 vero

110 1516 261 1601 primum
286 1510 515 1576 convenientia
545 1508 722 1573 earundem
746 1530 819 1574 eum
841 1508 1101 1576 institutionibus
1124 1517 1238 1599 patriae

68 1648 75 1671 ι
119 1613 304 1683 indicanda.
339 1609 498 1679 Utilitatis
521 1607 635 1698 patriae
659 1632 771 1676 arnam
793 1614 951 1677 Linuaeus
967 1636 1034 1677 nou
1049 1618 1239 1698 potuitnon

121 1698 293 1786 seientiam
326 1734 419 1796 suam
454 1717 501 1778 ita
533 1717 697 1785 concisum
726 1737 768 1779 ne
799 1715 905 1780 dicam
934 1729 1132 1782 contractam
1163 1721 1237 1784 red·

121 1820 210 1902 (lere,
236 1833 274 1886 ut
294 1816 555 1886 institutionibus
578 1816 747 1883 litterariis
768 1819 894 1905 patriae,
918 1816 960 1883 ob
976 1840 1057 1904 opes
1073 1842 1189 1904 pareas
1205 1835 1237 1885 et

119 1928 281 1994 minorem
309 1926 482 1986 numerum
514 1922 633 1986 civium
658 1919 745 1986 haud
768 1941 882 2008 purum
904 1923 1070 2008 angustis,
1099 1945 1237 2009 respon-

64 2056 69 2061 ·
120 2027 225 2094 deret.
277 2023 341 2091 Hs
366 2025 589 2090 institutiones
615 2026 712 2093 etiam
735 2045 821 2089 nune
846 2025 969 2089 eaedem
996 2037 1091 2103 sunt,
1124 2025 1237 2115 ibique

119 2148 275 2198 numerus
294 2140 363 2194 tum
383 2128 577 2194 discentium
598 2142 667 2192 tum
686 2128 871 2192 docentium
892 2126 994 2213 multo
1018 2131 1125 2194 minor
1139 2151 1236 2217 quiam

117 2237 154 2303 iu
179 2233 346 2324 plerisque
369 2226 446 2297 aliis
469 2232 576 2308 terris,
602 2252 662 2296 nee
683 2253 757 2296 eum
777 2228 868 2296 blsee
887 2234 1034 2299 scientiis
1050 2234 1235 2298 inerescere

112 2335 174 2404 sel
195 2337 308 2404 forsan
333 2337 446 2422 potins
473 2332 601 2424 dilatari
624 2347 773 2420 possunt.
824 2333 914 2403 Hine
939 2337 1056 2413 etium,
1080 2347 1236 2423 quantum

116 2438 192 2531 lieri
221 2439 347 2529 possit,
380 2435 477 2502 uobis
507 2437 701 2517 videndum,
733 2450 771 2501 ut
800 2437 878 2524 qnid
904 2437 946 2503 de
974 2430 1107 2502 concisa
1129 2440 1236 2508 forma

116 2546 263 2612 scientie
287 2553 510 2624 conservetur.
551 2537 706 2605 Ceterum
722 2560 807 2617 uos,
837 2542 892 2626 qui
912 2542 983 2625 jam
1004 2539 1138 2609 Floram
1154 2545 1236 2610 Sve-

112 2649 220 2721 sieam
240 2641 449 2723 elaboramus
475 2655 509 2709 et
533 2643 569 2706 in
590 2664 686 2708 usum
700 2644 930 2721 convertimus,
953 2664 1021 2708 uon
1036 2657 1101 2723 tam
1116 2646 1237 2732 opibus

117 2748 282 2830 valemus,
307 2759 344 2813 nt
361 2759 510 2819 naturam
535 2758 740 2834 vegetantem
762 2743 1006 2831 exemplaribus
1021 2753 1235 2836 propositam,

33 2886 36 2891 ·
115 2851 205 2941 quoti
238 2850 282 2917 tul
308 2853 470 2936 majorem
494 2861 638 2938 partem,
674 2845 777 2916 multo
804 2850 914 2915 nunus
937 2863 1058 2928 totam,
1088 2848 1235 2922 omnium

114 2942 277 3023 terrarum
290 2965 334 3035 ,st
356 2950 593 3043 pleraquane
617 2950 721 3031 dicam
736 2958 864 3031 omnia,
892 2951 1088 3019 adminicula
1108 2953 1235 3020 littera-

113 3060 166 3126 ris
188 3053 328 3124 altatus
352 3058 500 3144 gentium
527 3055 569 3121 sd
593 3053 818 3127 illustrandum
841 3055 1028 3123 methootuu
1045 3056 1235 3142 generalem

109 3173 180 3228 ste·
200 3173 323 3227 nostre
345 3157 437 3229 flore
461 3158 635 3246 adquirere
647 3159 824 3245 possimus,
848 3181 919 3247 quus
937 3161 1035 3224 etiam
1051 3158 1093 3225 ob
1110 3162 1236 3226 distau-

113 3267 195 3333 tism
222 3261 369 3352 eliasque
393 3264 541 3329 rabones
572 3258 669 3348 uobps
695 3257 798 3326 multo
826 3265 931 3329 carius
958 3276 1110 3328 constant
1135 3285 1235 3351 quam

113 3365 281 3456 plerisque
298 3362 400 3430 ¹eliis.
459 3362 572 3451 Itaque
604 3384 672 3430 non
697 3377 822 3430 tantum
841 3367 968 3457 justum
994 3388 1108 3431 uemm
1134 3369 1234 3457 etiarn

25 3521 28 3526 Δ
114 3469 335 3536 necessarium
360 3467 508 3546 videbor,
541 3481 577 3536 ut
599 3469 660 3546 iis,
690 3489 762 3556 quse
790 3471 826 3534 in
849 3467 954 3554 patria
976 3485 1175 3535 enatarunt
1199 3462 1235 3538 e't

113 3592 253 3682 puerum
278 3569 384 3637 adhue
409 3568 495 3657 apud
517 3588 581 3671 nos
605 3589 706 3657 parvo
729 3573 835 3658 pretio
861 3567 920 3635 fiat
943 3573 1055 3660 eopia,
1088 3575 1173 3638 sieut
1195 3594 1235 3638 n-

111 3693 194 3763 pera
218 3673 417 3750 Liunaennn,
450 3673 555 3759 magis
578 3672 784 3752 insistamus,
818 3690 913 3761 quam
937 3692 974 3741 nt
996 3678 1171 3763 peregrina
1197 3691 1233 3743 et

114 3798 202 3843 nova
227 3786 406 3853 sectemur,
448 3776 478 3841 si
507 3775 585 3864 quid
615 3775 800 3842 absolutum
830 3792 863 3862 et
883 3776 943 3843 fini
970 3782 1170 3846 conveniens
1197 3795 1231 3848 et

112 3881 190 3981 usui
210 3875 359 3969 generali
381 3876 596 3967 plurimonus
617 3881 848 3949 inserviturum
869 3895 1027 3972 prestare
1050 3884 1203 3957 velimus·

1194 4030 1207 4071 l
